<?xml version="1.0" encoding="UTF-8"?>
<!DOCTYPE html PUBLIC "-//W3C//DTD XHTML 1.0 Transitional//EN"
    "http://www.w3.org/TR/xhtml1/DTD/xhtml1-transitional.dtd">
<html xmlns="http://www.w3.org/1999/xhtml" xml:lang="en" lang="en">
 <head>
  <title>
</title>
<meta http-equiv="Content-Type" content="text/html;charset=utf-8" />
  <meta name='ocr-system' content='tesseract 3.04.00' />
  <meta name='ocr-capabilities' content='ocr_page ocr_carea ocr_par ocr_line ocrx_word'/>
</head>
<body>
  <div class='ocr_page' id='page_1' title='image "./philippimelanth03melagoog_0123.png"; bbox 0 0 4762 6008; ppageno 0'>
   <div class='ocr_carea' id='block_1_1' title="bbox 324 294 2368 397">
    <p class='ocr_par' dir='ltr' id='par_1_1' title="bbox 324 294 2368 397">
     <span class='ocr_line' id='line_1_1' title="bbox 324 294 2368 397; baseline -0.017 -2"><span class='ocrx_word' id='word_1_1' title='bbox 324 319 400 397; x_wconf 78' lang='lat' dir='ltr'><strong>ero</strong></span> <span class='ocrx_word' id='word_1_2' title='bbox 903 303 1027 379; x_wconf 83' lang='lat' dir='ltr'><strong>eun.</strong></span> <span class='ocrx_word' id='word_1_3' title='bbox 1059 299 1172 375; x_wconf 77' lang='lat' dir='ltr'><strong>nur.</strong></span> <span class='ocrx_word' id='word_1_4' title='bbox 1205 297 1408 371; x_wconf 77' lang='lat' dir='ltr'><strong>semera</strong></span> <span class='ocrx_word' id='word_1_5' title='bbox 1441 294 1781 373; x_wconf 76' lang='lat' dir='ltr'><strong>ennosoorca.</strong></span> <span class='ocrx_word' id='word_1_6' title='bbox 2289 316 2368 390; x_wconf 81' lang='lat' dir='ltr'><strong>sm</strong></span> 
     </span>
    </p>
   </div>
   <div class='ocr_carea' id='block_1_2' title="bbox 262 467 2367 1192">
    <p class='ocr_par' dir='ltr' id='par_1_2' title="bbox 262 467 2367 1192">
     <span class='ocr_line' id='line_1_2' title="bbox 326 467 2367 578; baseline -0.003 -15"><span class='ocrx_word' id='word_1_7' title='bbox 326 515 434 573; x_wconf 89' lang='lat' dir='ltr'><strong>narn,</strong></span> <span class='ocrx_word' id='word_1_8' title='bbox 460 493 714 578; x_wconf 79' lang='lat' dir='ltr'><strong>properantem</strong></span> <span class='ocrx_word' id='word_1_9' title='bbox 731 478 854 547; x_wconf 90' lang='lat' dir='ltr'><strong>animo</strong></span> <span class='ocrx_word' id='word_1_10' title='bbox 876 500 952 545; x_wconf 93' lang='lat' dir='ltr'><strong>non</strong></span> <span class='ocrx_word' id='word_1_11' title='bbox 974 474 1120 546; x_wconf 90' lang='lat' dir='ltr'><strong>turbido</strong></span> <span class='ocrx_word' id='word_1_12' title='bbox 1143 474 1189 543; x_wconf 90' lang='lat' dir='ltr'><strong>ad</strong></span> <span class='ocrx_word' id='word_1_13' title='bbox 1203 470 1314 541; x_wconf 90' lang='lat' dir='ltr'><strong>Lace·</strong></span> <span class='ocrx_word' id='word_1_14' title='bbox 1474 467 1556 562; x_wconf 76' lang='lat' dir='ltr'><strong>(Ep.</strong></span> <span class='ocrx_word' id='word_1_15' title='bbox 1570 469 1624 566; x_wconf 74' lang='lat'><strong>4.)</strong></span> <span class='ocrx_word' id='word_1_16' title='bbox 1656 468 1712 540; x_wconf 80' lang='lat' dir='ltr'><strong>&#39;l&#39;e</strong></span> <span class='ocrx_word' id='word_1_17' title='bbox 1735 470 1882 567; x_wconf 91' lang='lat' dir='ltr'><strong>quidem</strong></span> <span class='ocrx_word' id='word_1_18' title='bbox 1905 472 2101 545; x_wconf 79' lang='lat' dir='ltr'><strong>comitatur</strong></span> <span class='ocrx_word' id='word_1_19' title='bbox 2122 477 2209 550; x_wconf 77' lang='lat' dir='ltr'><strong>felix</strong></span> <span class='ocrx_word' id='word_1_20' title='bbox 2233 482 2367 562; x_wconf 79' lang='lat' dir='ltr'><strong>iatum.</strong></span> 
     </span>
     <span class='ocr_line' id='line_1_3' title="bbox 330 573 2366 671; baseline -0.002 -7"><span class='ocrx_word' id='word_1_21' title='bbox 330 615 453 665; x_wconf 89' lang='lat' dir='ltr'><strong>raeam</strong></span> <span class='ocrx_word' id='word_1_22' title='bbox 469 588 596 659; x_wconf 89' lang='lat' dir='ltr'><strong>urbem</strong></span> <span class='ocrx_word' id='word_1_23' title='bbox 613 579 840 664; x_wconf 75' lang='lat' dir='ltr'>Thessaliae,</span> <span class='ocrx_word' id='word_1_24' title='bbox 866 579 950 671; x_wconf 90' lang='lat' dir='ltr'><strong>quia</strong></span> <span class='ocrx_word' id='word_1_25' title='bbox 973 577 1011 647; x_wconf 92' lang='lat' dir='ltr'><strong>in</strong></span> <span class='ocrx_word' id='word_1_26' title='bbox 1033 577 1114 668; x_wconf 91' lang='lat' dir='ltr'><strong>ripa</strong></span> <span class='ocrx_word' id='word_1_27' title='bbox 1133 577 1232 646; x_wconf 85' lang='lat' dir='ltr'><strong>lacus</strong></span> <span class='ocrx_word' id='word_1_28' title='bbox 1245 573 1315 643; x_wconf 90' lang='lat' dir='ltr'><strong>Be·</strong></span> <span class='ocrx_word' id='word_1_29' title='bbox 1367 573 1417 644; x_wconf 90' lang='lat' dir='ltr'><strong>Es</strong></span> <span class='ocrx_word' id='word_1_30' title='bbox 1433 574 1529 642; x_wconf 91' lang='lat' dir='ltr'><strong>enim</strong></span> <span class='ocrx_word' id='word_1_31' title='bbox 1544 596 1608 642; x_wconf 85' lang='lat' dir='ltr'><strong>rex</strong></span> <span class='ocrx_word' id='word_1_32' title='bbox 1624 573 1848 665; x_wconf 88' lang='lat' dir='ltr'><strong>praecipuus.</strong></span> <span class='ocrx_word' id='word_1_33' title='bbox 1895 573 1965 644; x_wconf 90' lang='lat' dir='ltr'><strong>Sed</strong></span> <span class='ocrx_word' id='word_1_34' title='bbox 1980 577 2054 645; x_wconf 89' lang='lat' dir='ltr'><strong>vita</strong></span> <span class='ocrx_word' id='word_1_35' title='bbox 2070 578 2148 649; x_wconf 89' lang='lat' dir='ltr'><strong>sine</strong></span> <span class='ocrx_word' id='word_1_36' title='bbox 2162 581 2366 660; x_wconf 84' lang='lat' dir='ltr'><strong>incommo-</strong></span> 
     </span>
     <span class='ocr_line' id='line_1_4' title="bbox 262 674 2366 782; baseline -0.006 -19"><span class='ocrx_word' id='word_1_37' title='bbox 262 704 265 709; x_wconf 87' lang='lat'>&#39;</span> <span class='ocrx_word' id='word_1_38' title='bbox 325 693 378 767; x_wconf 90' lang='lat' dir='ltr'><strong>bii</strong></span> <span class='ocrx_word' id='word_1_39' title='bbox 398 688 585 761; x_wconf 78' lang='lat' dir='ltr'>habitabat</span> <span class='ocrx_word' id='word_1_40' title='bbox 609 682 774 755; x_wconf 92' lang='lat' dir='ltr'><strong>Coronis.</strong></span> <span class='ocrx_word' id='word_1_41' title='bbox 839 676 893 748; x_wconf 90' lang='lat' dir='ltr'><strong>lbi</strong></span> <span class='ocrx_word' id='word_1_42' title='bbox 921 681 1037 750; x_wconf 88' lang='lat' dir='ltr'><strong>malus</strong></span> <span class='ocrx_word' id='word_1_43' title='bbox 1066 678 1210 769; x_wconf 80' lang='lat' dir='ltr'><strong>genius,</strong></span> <span class='ocrx_word' id='word_1_44' title='bbox 1251 676 1314 770; x_wconf 91' lang='lat' dir='ltr'><strong>qui</strong></span> <span class='ocrx_word' id='word_1_45' title='bbox 1365 676 1420 747; x_wconf 88' lang='lat' dir='ltr'><strong>dis</strong></span> <span class='ocrx_word' id='word_1_46' title='bbox 1436 698 1555 767; x_wconf 93' lang='lat' dir='ltr'><strong>neque</strong></span> <span class='ocrx_word' id='word_1_47' title='bbox 1572 677 1668 766; x_wconf 93' lang='lat' dir='ltr'><strong>apud</strong></span> <span class='ocrx_word' id='word_1_48' title='bbox 1685 674 1876 746; x_wconf 88' lang='lat' dir='ltr'><strong>Aeacidem</strong></span> <span class='ocrx_word' id='word_1_49' title='bbox 1893 675 2000 747; x_wconf 89' lang='lat' dir='ltr'><strong>Pelea</strong></span> <span class='ocrx_word' id='word_1_50' title='bbox 2017 679 2104 766; x_wconf 82' lang='lat' dir='ltr'><strong>fnit,</strong></span> <span class='ocrx_word' id='word_1_51' title='bbox 2127 707 2246 781; x_wconf 87' lang='lat' dir='ltr'><strong>neque</strong></span> <span class='ocrx_word' id='word_1_52' title='bbox 2267 694 2366 782; x_wconf 73' lang='lat' dir='ltr'><strong>apud</strong></span> 
     </span>
     <span class='ocr_line' id='line_1_5' title="bbox 326 776 2360 876; baseline -0.006 -10"><span class='ocrx_word' id='word_1_53' title='bbox 326 819 405 866; x_wconf 90' lang='lat' dir='ltr'><strong>eam</strong></span> <span class='ocrx_word' id='word_1_54' title='bbox 420 795 467 861; x_wconf 91' lang='lat' dir='ltr'><strong>ad</strong></span> <span class='ocrx_word' id='word_1_55' title='bbox 483 791 596 861; x_wconf 88' lang='lat' dir='ltr'><strong>scelus</strong></span> <span class='ocrx_word' id='word_1_56' title='bbox 612 785 822 876; x_wconf 82' lang='lat' dir='ltr'><strong>impulerat,</strong></span> <span class='ocrx_word' id='word_1_57' title='bbox 848 781 1006 873; x_wconf 84' lang='lat' dir='ltr'><strong>perdidit</strong></span> <span class='ocrx_word' id='word_1_58' title='bbox 1023 805 1120 850; x_wconf 90' lang='lat' dir='ltr'><strong>eam:</strong></span> <span class='ocrx_word' id='word_1_59' title='bbox 1155 778 1312 848; x_wconf 89' lang='lat' dir='ltr'><strong>etmulti</strong></span> <span class='ocrx_word' id='word_1_60' title='bbox 1365 777 1562 860; x_wconf 87' lang='lat' dir='ltr'><strong>Cadmum,</strong></span> <span class='ocrx_word' id='word_1_61' title='bbox 1588 776 1651 872; x_wconf 95' lang='lat' dir='ltr'><strong>qui</strong></span> <span class='ocrx_word' id='word_1_62' title='bbox 1669 778 1838 848; x_wconf 90' lang='lat' dir='ltr'><strong>dicuntur</strong></span> <span class='ocrx_word' id='word_1_63' title='bbox 1851 778 1959 850; x_wconf 81' lang='lat' dir='ltr'><strong>fuisse</strong></span> <span class='ocrx_word' id='word_1_64' title='bbox 1975 780 2193 872; x_wconf 72' lang='lat' dir='ltr'><strong>beatissimi,</strong></span> <span class='ocrx_word' id='word_1_65' title='bbox 2224 802 2262 861; x_wconf 78' lang='lat' dir='ltr'><strong>et</strong></span> <span class='ocrx_word' id='word_1_66' title='bbox 2276 792 2360 867; x_wconf 75' lang='lat' dir='ltr'><strong>Mu.</strong></span> 
     </span>
     <span class='ocr_line' id='line_1_6' title="bbox 325 879 2358 979; baseline -0.001 -17"><span class='ocrx_word' id='word_1_67' title='bbox 325 894 434 966; x_wconf 87' lang='lat' dir='ltr'><strong>vicini</strong></span> <span class='ocrx_word' id='word_1_68' title='bbox 450 892 556 964; x_wconf 90' lang='lat' dir='ltr'><strong>simul</strong></span> <span class='ocrx_word' id='word_1_69' title='bbox 571 911 706 979; x_wconf 93' lang='lat' dir='ltr'><strong>poenas</strong></span> <span class='ocrx_word' id='word_1_70' title='bbox 721 886 919 967; x_wconf 91' lang='lat' dir='ltr'><strong>dederunt,</strong></span> <span class='ocrx_word' id='word_1_71' title='bbox 944 894 980 953; x_wconf 95' lang='lat' dir='ltr'><strong>et</strong></span> <span class='ocrx_word' id='word_1_72' title='bbox 993 883 1101 956; x_wconf 88' lang='lat' dir='ltr'><strong>simul</strong></span> <span class='ocrx_word' id='word_1_73' title='bbox 1116 882 1313 973; x_wconf 92' lang='lat' dir='ltr'><strong>perierunt,</strong></span> <span class='ocrx_word' id='word_1_74' title='bbox 1363 904 1421 952; x_wconf 88' lang='lat' dir='ltr'><strong>sas</strong></span> <span class='ocrx_word' id='word_1_75' title='bbox 1436 879 1651 949; x_wconf 90' lang='lat' dir='ltr'><strong>audiverunt</strong></span> <span class='ocrx_word' id='word_1_76' title='bbox 1665 879 1896 978; x_wconf 74' lang='lat' dir='ltr'><strong>canentes⁰²)</strong></span> <span class='ocrx_word' id='word_1_77' title='bbox 1918 881 1957 951; x_wconf 91' lang='lat' dir='ltr'><strong>in</strong></span> <span class='ocrx_word' id='word_1_78' title='bbox 1974 897 2098 957; x_wconf 91' lang='lat' dir='ltr'><strong>monte</strong></span> <span class='ocrx_word' id='word_1_79' title='bbox 2116 887 2241 977; x_wconf 90' lang='lat' dir='ltr'><strong>Pelio,</strong></span> <span class='ocrx_word' id='word_1_80' title='bbox 2266 897 2358 969; x_wconf 80' lang='lat' dir='ltr'><strong>etin</strong></span> 
     </span>
     <span class='ocr_line' id='line_1_7' title="bbox 325 979 2357 1085; baseline -0.004 -15"><span class='ocrx_word' id='word_1_81' title='bbox 325 997 431 1070; x_wconf 92' lang='lat' dir='ltr'><strong>utin</strong></span> <span class='ocrx_word' id='word_1_82' title='bbox 454 1004 577 1063; x_wconf 89' lang='lat' dir='ltr'><strong>monte</strong></span> <span class='ocrx_word' id='word_1_83' title='bbox 600 989 693 1081; x_wconf 89' lang='lat' dir='ltr'><strong>ignis</strong></span> <span class='ocrx_word' id='word_1_84' title='bbox 715 1012 757 1058; x_wconf 83' lang='lat' dir='ltr'><strong>ex</strong></span> <span class='ocrx_word' id='word_1_85' title='bbox 778 1010 852 1056; x_wconf 93' lang='lat' dir='ltr'><strong>nno</strong></span> <span class='ocrx_word' id='word_1_86' title='bbox 878 987 1013 1056; x_wconf 90' lang='lat' dir='ltr'><strong>semine</strong></span> <span class='ocrx_word' id='word_1_87' title='bbox 1037 983 1202 1067; x_wconf 82' lang='lat' dir='ltr'><strong>exiliens,</strong></span> <span class='ocrx_word' id='word_1_88' title='bbox 1237 1006 1313 1053; x_wconf 90' lang='lat' dir='ltr'><strong>ma·</strong></span> <span class='ocrx_word' id='word_1_89' title='bbox 1364 979 1518 1053; x_wconf 86' lang='lat' dir='ltr'><strong>Thebis:</strong></span> <span class='ocrx_word' id='word_1_90' title='bbox 1558 1006 1638 1052; x_wconf 92' lang='lat' dir='ltr'><strong>cum</strong></span> <span class='ocrx_word' id='word_1_91' title='bbox 1664 983 1768 1052; x_wconf 91' lang='lat' dir='ltr'><strong>alteri</strong></span> <span class='ocrx_word' id='word_1_92' title='bbox 1789 985 1872 1052; x_wconf 92' lang='lat' dir='ltr'><strong>data</strong></span> <span class='ocrx_word' id='word_1_93' title='bbox 1898 997 1951 1056; x_wconf 86' lang='lat' dir='ltr'><strong>est</strong></span> <span class='ocrx_word' id='word_1_94' title='bbox 1970 987 2129 1061; x_wconf 84' lang='lat' dir='ltr'><strong>coniunx</strong></span> <span class='ocrx_word' id='word_1_95' title='bbox 2141 990 2357 1085; x_wconf 77' lang='lat' dir='ltr'><strong>Hermonis,</strong></span> 
     </span>
     <span class='ocr_line' id='line_1_8' title="bbox 327 1080 1621 1192; baseline -0.009 -24"><span class='ocrx_word' id='word_1_96' title='bbox 327 1122 435 1192; x_wconf 85' lang='lat' dir='ltr'><strong>gnam</strong></span> <span class='ocrx_word' id='word_1_97' title='bbox 453 1097 589 1188; x_wconf 84' lang='lat' dir='ltr'><strong>sylvam</strong></span> <span class='ocrx_word' id='word_1_98' title='bbox 606 1102 733 1163; x_wconf 87' lang='lat' dir='ltr'><strong>vastat.</strong></span> <span class='ocrx_word' id='word_1_99' title='bbox 1364 1084 1469 1154; x_wconf 89' lang='lat' dir='ltr'><strong>alteri</strong></span> <span class='ocrx_word' id='word_1_100' title='bbox 1483 1080 1621 1156; x_wconf 80' lang='lat' dir='ltr'><strong>Thetis.</strong></span> 
     </span>
    </p>
   </div>
   <div class='ocr_carea' id='block_1_3' title="bbox 323 1182 2356 3222">
    <p class='ocr_par' dir='ltr' id='par_1_3' title="bbox 327 1182 2356 2003">
     <span class='ocr_line' id='line_1_9' title="bbox 430 1182 2356 1293; baseline 0.002 -33"><span class='ocrx_word' id='word_1_101' title='bbox 430 1196 573 1293; x_wconf 56' lang='grc' dir='ltr'><strong>(ΕΜ.)</strong></span> <span class='ocrx_word' id='word_1_102' title='bbox 589 1194 657 1264; x_wconf 89' lang='lat' dir='ltr'><strong>Sed</strong></span> <span class='ocrx_word' id='word_1_103' title='bbox 673 1203 864 1284; x_wconf 87' lang='lat' dir='ltr'><strong>postquam</strong></span> <span class='ocrx_word' id='word_1_104' title='bbox 879 1187 1022 1279; x_wconf 77' lang='lat' dir='ltr'><strong>cognati</strong></span> <span class='ocrx_word' id='word_1_105' title='bbox 1036 1187 1074 1256; x_wconf 93' lang='lat' dir='ltr'><strong>in</strong></span> <span class='ocrx_word' id='word_1_106' title='bbox 1088 1210 1177 1278; x_wconf 86' lang='lat' dir='ltr'><strong>rogo</strong></span> <span class='ocrx_word' id='word_1_107' title='bbox 1192 1185 1312 1277; x_wconf 89' lang='lat' dir='ltr'><strong>ligneo</strong></span> <span class='ocrx_word' id='word_1_108' title='bbox 1467 1186 1560 1281; x_wconf 76' lang='lat' dir='ltr'><strong>(ser.</strong></span> <span class='ocrx_word' id='word_1_109' title='bbox 1576 1182 1632 1282; x_wconf 83' lang='lat'><strong>5.)</strong></span> <span class='ocrx_word' id='word_1_110' title='bbox 1657 1186 1705 1257; x_wconf 90' lang='lat' dir='ltr'><strong>Et</strong></span> <span class='ocrx_word' id='word_1_111' title='bbox 1719 1186 1781 1257; x_wconf 91' lang='lat' dir='ltr'><strong>Dii</strong></span> <span class='ocrx_word' id='word_1_112' title='bbox 1797 1187 1978 1259; x_wconf 88' lang='lat' dir='ltr'><strong>convivati</strong></span> <span class='ocrx_word' id='word_1_113' title='bbox 1992 1205 2077 1262; x_wconf 88' lang='lat' dir='ltr'><strong>sunt</strong></span> <span class='ocrx_word' id='word_1_114' title='bbox 2091 1198 2190 1287; x_wconf 91' lang='lat' dir='ltr'><strong>apud</strong></span> <span class='ocrx_word' id='word_1_115' title='bbox 2209 1211 2356 1273; x_wconf 86' lang='lat' dir='ltr'><strong>utrum.</strong></span> 
     </span>
     <span class='ocr_line' id='line_1_10' title="bbox 328 1286 2356 1383; baseline -0.001 -12"><span class='ocrx_word' id='word_1_116' title='bbox 328 1301 552 1372; x_wconf 90' lang='lat' dir='ltr'><strong>collocarunt</strong></span> <span class='ocrx_word' id='word_1_117' title='bbox 566 1295 794 1375; x_wconf 88' lang='lat' dir='ltr'><strong>Coroniden,</strong></span> <span class='ocrx_word' id='word_1_118' title='bbox 821 1303 857 1360; x_wconf 90' lang='lat' dir='ltr'><strong>et</strong></span> <span class='ocrx_word' id='word_1_119' title='bbox 872 1286 1064 1359; x_wconf 87' lang='lat' dir='ltr'><strong>vehemens</strong></span> <span class='ocrx_word' id='word_1_120' title='bbox 1079 1288 1224 1357; x_wconf 88' lang='lat' dir='ltr'><strong>flamma</strong></span> <span class='ocrx_word' id='word_1_121' title='bbox 1245 1287 1315 1357; x_wconf 82' lang='lat' dir='ltr'><strong>iuit</strong></span> <span class='ocrx_word' id='word_1_122' title='bbox 1364 1312 1455 1381; x_wconf 90' lang='lat' dir='ltr'><strong>que,</strong></span> <span class='ocrx_word' id='word_1_123' title='bbox 1471 1301 1507 1358; x_wconf 91' lang='lat' dir='ltr'><strong>et</strong></span> <span class='ocrx_word' id='word_1_124' title='bbox 1520 1289 1688 1361; x_wconf 88' lang='lat' dir='ltr'><strong>viderunt</strong></span> <span class='ocrx_word' id='word_1_125' title='bbox 1704 1290 1801 1362; x_wconf 85' lang='lat' dir='ltr'><strong>Deos</strong></span> <span class='ocrx_word' id='word_1_126' title='bbox 1816 1292 1855 1358; x_wconf 93' lang='lat' dir='ltr'><strong>in</strong></span> <span class='ocrx_word' id='word_1_127' title='bbox 1870 1293 1987 1364; x_wconf 88' lang='lat' dir='ltr'><strong>aureis</strong></span> <span class='ocrx_word' id='word_1_128' title='bbox 2002 1295 2166 1383; x_wconf 89' lang='lat' dir='ltr'><strong>sedibus,</strong></span> <span class='ocrx_word' id='word_1_129' title='bbox 2192 1312 2228 1371; x_wconf 89' lang='lat' dir='ltr'><strong>et</strong></span> <span class='ocrx_word' id='word_1_130' title='bbox 2241 1304 2289 1375; x_wconf 88' lang='lat' dir='ltr'><strong>ab</strong></span> <span class='ocrx_word' id='word_1_131' title='bbox 2304 1306 2356 1379; x_wconf 72' lang='lat' dir='ltr'><strong>eis</strong></span> 
     </span>
     <span class='ocr_line' id='line_1_11' title="bbox 328 1389 2354 1486; baseline 0.002 -12"><span class='ocrx_word' id='word_1_132' title='bbox 328 1404 570 1482; x_wconf 89' lang='lat' dir='ltr'><strong>circumdata,</strong></span> <span class='ocrx_word' id='word_1_133' title='bbox 595 1412 680 1467; x_wconf 90' lang='lat' dir='ltr'><strong>tunc</strong></span> <span class='ocrx_word' id='word_1_134' title='bbox 698 1395 787 1466; x_wconf 81' lang='lat' dir='ltr'><strong>dixit</strong></span> <span class='ocrx_word' id='word_1_135' title='bbox 800 1389 985 1463; x_wconf 89' lang='lat' dir='ltr'><strong>Phoebus:</strong></span> <span class='ocrx_word' id='word_1_136' title='bbox 1019 1390 1103 1463; x_wconf 87' lang='lat' dir='ltr'><strong>Non</strong></span> <span class='ocrx_word' id='word_1_137' title='bbox 1123 1392 1214 1461; x_wconf 86' lang='lat' dir='ltr'><strong>feret</strong></span> <span class='ocrx_word' id='word_1_138' title='bbox 1236 1390 1313 1459; x_wconf 89' lang='lat' dir='ltr'><strong>ani·</strong></span> <span class='ocrx_word' id='word_1_139' title='bbox 1364 1392 1461 1459; x_wconf 93' lang='lat' dir='ltr'><strong>dona</strong></span> <span class='ocrx_word' id='word_1_140' title='bbox 1476 1391 1653 1482; x_wconf 89' lang='lat' dir='ltr'><strong>nuptialia</strong></span> <span class='ocrx_word' id='word_1_141' title='bbox 1671 1407 1895 1486; x_wconf 88' lang='lat' dir='ltr'><strong>acceperunt.</strong></span> <span class='ocrx_word' id='word_1_142' title='bbox 1927 1393 2058 1467; x_wconf 88' lang='lat' dir='ltr'><strong>Alove</strong></span> <span class='ocrx_word' id='word_1_143' title='bbox 2075 1412 2197 1471; x_wconf 87' lang='lat' dir='ltr'><strong>autern</strong></span> <span class='ocrx_word' id='word_1_144' title='bbox 2214 1419 2354 1479; x_wconf 83' lang='lat' dir='ltr'><strong>mutate</strong></span> 
     </span>
     <span class='ocr_line' id='line_1_12' title="bbox 327 1491 2352 1591; baseline 0.002 -16"><span class='ocrx_word' id='word_1_145' title='bbox 327 1530 409 1576; x_wconf 90' lang='lat' dir='ltr'><strong>mus</strong></span> <span class='ocrx_word' id='word_1_146' title='bbox 424 1528 542 1584; x_wconf 91' lang='lat' dir='ltr'><strong>meus,</strong></span> <span class='ocrx_word' id='word_1_147' title='bbox 567 1500 716 1591; x_wconf 87' lang='lat' dir='ltr'><strong>perdere</strong></span> <span class='ocrx_word' id='word_1_148' title='bbox 735 1521 854 1565; x_wconf 92' lang='lat' dir='ltr'><strong>meum</strong></span> <span class='ocrx_word' id='word_1_149' title='bbox 876 1508 1045 1585; x_wconf 91' lang='lat' dir='ltr'><strong>gnatum,</strong></span> <span class='ocrx_word' id='word_1_150' title='bbox 1080 1517 1161 1563; x_wconf 93' lang='lat' dir='ltr'><strong>cum</strong></span> <span class='ocrx_word' id='word_1_151' title='bbox 1187 1491 1313 1562; x_wconf 90' lang='lat' dir='ltr'><strong>matris</strong></span> <span class='ocrx_word' id='word_1_152' title='bbox 1363 1493 1529 1577; x_wconf 81' lang='lat' dir='ltr'><strong>fortuna,</strong></span> <span class='ocrx_word' id='word_1_153' title='bbox 1566 1506 1768 1567; x_wconf 89' lang='lat' dir='ltr'><strong>statuerunt</strong></span> <span class='ocrx_word' id='word_1_154' title='bbox 1803 1496 1963 1567; x_wconf 89' lang='lat' dir='ltr'><strong>animum</strong></span> <span class='ocrx_word' id='word_1_155' title='bbox 2001 1512 2152 1576; x_wconf 90' lang='lat' dir='ltr'><strong>rectum.</strong></span> <span class='ocrx_word' id='word_1_156' title='bbox 2222 1505 2352 1579; x_wconf 85' lang='lat' dir='ltr'><strong>Postea</strong></span> 
     </span>
     <span class='ocr_line' id='line_1_13' title="bbox 327 1595 2353 1692; baseline 0.002 -16"><span class='ocrx_word' id='word_1_157' title='bbox 327 1606 488 1676; x_wconf 90' lang='lat' dir='ltr'><strong>interitu.</strong></span> <span class='ocrx_word' id='word_1_158' title='bbox 539 1603 597 1673; x_wconf 88' lang='lat' dir='ltr'><strong>Sic</strong></span> <span class='ocrx_word' id='word_1_159' title='bbox 616 1603 730 1681; x_wconf 85' lang='lat' dir='ltr'><strong>fatus,</strong></span> <span class='ocrx_word' id='word_1_160' title='bbox 761 1598 831 1667; x_wconf 91' lang='lat' dir='ltr'><strong>cito</strong></span> <span class='ocrx_word' id='word_1_161' title='bbox 853 1598 968 1688; x_wconf 92' lang='lat' dir='ltr'><strong>gradu</strong></span> <span class='ocrx_word' id='word_1_162' title='bbox 988 1596 1101 1664; x_wconf 86' lang='lat' dir='ltr'><strong>lilium</strong></span> <span class='ocrx_word' id='word_1_163' title='bbox 1127 1619 1170 1666; x_wconf 84' lang='lat' dir='ltr'><strong>ex</strong></span> <span class='ocrx_word' id='word_1_164' title='bbox 1195 1606 1313 1663; x_wconf 93' lang='lat' dir='ltr'><strong>morte</strong></span> <span class='ocrx_word' id='word_1_165' title='bbox 1363 1607 1435 1666; x_wconf 89' lang='lat' dir='ltr'><strong>tres</strong></span> <span class='ocrx_word' id='word_1_166' title='bbox 1452 1595 1547 1665; x_wconf 84' lang='lat' dir='ltr'><strong>filiae</strong></span> <span class='ocrx_word' id='word_1_167' title='bbox 1562 1596 1737 1668; x_wconf 84' lang='lat' dir='ltr'><strong>Cadmum</strong></span> <span class='ocrx_word' id='word_1_168' title='bbox 1754 1599 1946 1690; x_wconf 90' lang='lat' dir='ltr'><strong>privarunt</strong></span> <span class='ocrx_word' id='word_1_169' title='bbox 1964 1617 2068 1692; x_wconf 86' lang='lat' dir='ltr'><strong>parte</strong></span> <span class='ocrx_word' id='word_1_170' title='bbox 2088 1606 2266 1692; x_wconf 88' lang='lat' dir='ltr'><strong>laetitiae,</strong></span> <span class='ocrx_word' id='word_1_171' title='bbox 2288 1610 2353 1679; x_wconf 89' lang='lat' dir='ltr'><strong>tri·</strong></span> 
     </span>
     <span class='ocr_line' id='line_1_14' title="bbox 329 1696 2353 1797; baseline 0.001 -19"><span class='ocrx_word' id='word_1_172' title='bbox 329 1708 473 1797; x_wconf 91' lang='lat' dir='ltr'><strong>eripuit.</strong></span> <span class='ocrx_word' id='word_1_173' title='bbox 522 1706 678 1773; x_wconf 84' lang='lat' dir='ltr'><strong>Accensa</strong></span> <span class='ocrx_word' id='word_1_174' title='bbox 694 1713 812 1770; x_wconf 90' lang='lat' dir='ltr'><strong>autem</strong></span> <span class='ocrx_word' id='word_1_175' title='bbox 830 1722 940 1791; x_wconf 87' lang='lat' dir='ltr'><strong>pyra,</strong></span> <span class='ocrx_word' id='word_1_176' title='bbox 965 1697 1192 1767; x_wconf 88' lang='lat' dir='ltr'><strong>dividebatur</strong></span> <span class='ocrx_word' id='word_1_177' title='bbox 1211 1696 1313 1765; x_wconf 86' lang='lat' dir='ltr'><strong>ilam-</strong></span> <span class='ocrx_word' id='word_1_178' title='bbox 1363 1697 1526 1769; x_wconf 86' lang='lat' dir='ltr'><strong>stissimis</strong></span> <span class='ocrx_word' id='word_1_179' title='bbox 1539 1699 1689 1772; x_wconf 86' lang='lat' dir='ltr'><strong>casibus.</strong></span> <span class='ocrx_word' id='word_1_180' title='bbox 1740 1698 1876 1793; x_wconf 90' lang='lat' dir='ltr'><strong>Iupiter</strong></span> <span class='ocrx_word' id='word_1_181' title='bbox 1890 1703 1987 1773; x_wconf 91' lang='lat' dir='ltr'><strong>enim</strong></span> <span class='ocrx_word' id='word_1_182' title='bbox 2008 1708 2047 1777; x_wconf 90' lang='lat' dir='ltr'><strong>iu</strong></span> <span class='ocrx_word' id='word_1_183' title='bbox 2069 1703 2215 1781; x_wconf 85' lang='lat' dir='ltr'><strong>thorum</strong></span> <span class='ocrx_word' id='word_1_184' title='bbox 2232 1711 2353 1783; x_wconf 89' lang='lat' dir='ltr'><strong>Seme-</strong></span> 
     </span>
     <span class='ocr_line' id='line_1_15' title="bbox 328 1799 2353 1908; baseline 0 -30"><span class='ocrx_word' id='word_1_185' title='bbox 328 1834 400 1880; x_wconf 91' lang='lat' dir='ltr'><strong>ma.</strong></span> <span class='ocrx_word' id='word_1_186' title='bbox 450 1806 618 1877; x_wconf 86' lang='lat' dir='ltr'><strong>Tradidit</strong></span> <span class='ocrx_word' id='word_1_187' title='bbox 633 1814 750 1872; x_wconf 90' lang='lat' dir='ltr'><strong>autem</strong></span> <span class='ocrx_word' id='word_1_188' title='bbox 770 1827 850 1872; x_wconf 91' lang='lat' dir='ltr'><strong>eum</strong></span> <span class='ocrx_word' id='word_1_189' title='bbox 861 1800 1045 1890; x_wconf 87' lang='lat' dir='ltr'><strong>Magnesio</strong></span> <span class='ocrx_word' id='word_1_190' title='bbox 1064 1813 1247 1882; x_wconf 89' lang='lat' dir='ltr'><strong>centauro,</strong></span> <span class='ocrx_word' id='word_1_191' title='bbox 1274 1810 1313 1868; x_wconf 91' lang='lat' dir='ltr'><strong>ut</strong></span> <span class='ocrx_word' id='word_1_192' title='bbox 1362 1800 1414 1870; x_wconf 88' lang='lat' dir='ltr'><strong>les</strong></span> <span class='ocrx_word' id='word_1_193' title='bbox 1429 1800 1540 1871; x_wconf 88' lang='lat' dir='ltr'><strong>venit.</strong></span> <span class='ocrx_word' id='word_1_194' title='bbox 1599 1802 1698 1895; x_wconf 70' lang='lat' dir='ltr'><strong>(Aac.</strong></span> <span class='ocrx_word' id='word_1_195' title='bbox 1719 1799 1773 1901; x_wconf 84' lang='lat'><strong>5.)</strong></span> <span class='ocrx_word' id='word_1_196' title='bbox 1807 1804 1837 1873; x_wconf 89' lang='lat' dir='ltr'>F</span> <span class='ocrx_word' id='word_1_197' title='bbox 1839 1803 1921 1876; x_wconf 89' lang='lat' dir='ltr'><strong>ilius</strong></span> <span class='ocrx_word' id='word_1_198' title='bbox 1944 1818 2060 1877; x_wconf 90' lang='lat' dir='ltr'><strong>autem</strong></span> <span class='ocrx_word' id='word_1_199' title='bbox 2085 1808 2205 1895; x_wconf 87' lang='lat' dir='ltr'><strong>Pelei,</strong></span> <span class='ocrx_word' id='word_1_200' title='bbox 2239 1838 2353 1908; x_wconf 83' lang='lat' dir='ltr'><strong>quem</strong></span> 
     </span>
     <span class='ocr_line' id='line_1_16' title="bbox 328 1901 2352 2003; baseline 0.003 -22"><span class='ocrx_word' id='word_1_201' title='bbox 328 1915 472 1981; x_wconf 90' lang='lat' dir='ltr'><strong>doceret</strong></span> <span class='ocrx_word' id='word_1_202' title='bbox 491 1933 571 1979; x_wconf 90' lang='lat' dir='ltr'><strong>eum</strong></span> <span class='ocrx_word' id='word_1_203' title='bbox 590 1929 716 1976; x_wconf 89' lang='lat' dir='ltr'><strong>curare</strong></span> <span class='ocrx_word' id='word_1_204' title='bbox 731 1904 850 1974; x_wconf 91' lang='lat' dir='ltr'><strong>varios</strong></span> <span class='ocrx_word' id='word_1_205' title='bbox 866 1903 1024 1973; x_wconf 85' lang='lat' dir='ltr'><strong>morbos.</strong></span> <span class='ocrx_word' id='word_1_206' title='bbox 1363 1901 1510 1972; x_wconf 89' lang='lat' dir='ltr'><strong>unicum</strong></span> <span class='ocrx_word' id='word_1_207' title='bbox 1526 1907 1666 1994; x_wconf 89' lang='lat' dir='ltr'><strong>peperit</strong></span> <span class='ocrx_word' id='word_1_208' title='bbox 1680 1907 1717 1974; x_wconf 92' lang='lat' dir='ltr'><strong>in</strong></span> <span class='ocrx_word' id='word_1_209' title='bbox 1725 1902 1857 1976; x_wconf 92' lang='lat' dir='ltr'><strong>Phthia</strong></span> <span class='ocrx_word' id='word_1_210' title='bbox 1869 1907 2006 1995; x_wconf 88' lang='lat' dir='ltr'><strong>Thetis,</strong></span> <span class='ocrx_word' id='word_1_211' title='bbox 2028 1911 2233 1986; x_wconf 85' lang='lat' dir='ltr'><strong>interfectus</strong></span> <span class='ocrx_word' id='word_1_212' title='bbox 2249 1941 2352 2003; x_wconf 90' lang='lat' dir='ltr'><strong>arcu,</strong></span> 
     </span>
    </p>

    <p class='ocr_par' dir='ltr' id='par_1_4' title="bbox 326 1996 2352 2717">
     <span class='ocr_line' id='line_1_17' title="bbox 430 1996 1965 2106; baseline 0.001 -26"><span class='ocrx_word' id='word_1_213' title='bbox 430 2009 523 2104; x_wconf 87' lang='lat' dir='ltr'><strong>(Str.</strong></span> <span class='ocrx_word' id='word_1_214' title='bbox 538 2011 591 2106; x_wconf 79' lang='lat'><strong>3.)</strong></span> <span class='ocrx_word' id='word_1_215' title='bbox 616 2007 716 2078; x_wconf 87' lang='lat' dir='ltr'><strong>Alios</strong></span> <span class='ocrx_word' id='word_1_216' title='bbox 730 2007 860 2096; x_wconf 89' lang='lat' dir='ltr'><strong>igitur,</strong></span> <span class='ocrx_word' id='word_1_217' title='bbox 884 2004 948 2099; x_wconf 92' lang='lat' dir='ltr'><strong>qui</strong></span> <span class='ocrx_word' id='word_1_218' title='bbox 961 2015 1154 2086; x_wconf 88' lang='lat' dir='ltr'><strong>venerunt,</strong></span> <span class='ocrx_word' id='word_1_219' title='bbox 1178 1996 1312 2070; x_wconf 90' lang='lat' dir='ltr'><strong>habeu—</strong></span> <span class='ocrx_word' id='word_1_220' title='bbox 1362 2004 1499 2073; x_wconf 90' lang='lat' dir='ltr'><strong>luctum</strong></span> <span class='ocrx_word' id='word_1_221' title='bbox 1517 2007 1683 2078; x_wconf 80' lang='lat' dir='ltr'><strong>excitavit</strong></span> <span class='ocrx_word' id='word_1_222' title='bbox 1697 2008 1791 2079; x_wconf 91' lang='lat' dir='ltr'><strong>inter</strong></span> <span class='ocrx_word' id='word_1_223' title='bbox 1806 2007 1965 2083; x_wconf 89' lang='lat' dir='ltr'><strong>Danaos.</strong></span> 
     </span>
     <span class='ocr_line' id='line_1_18' title="bbox 329 2105 2350 2206; baseline 0.003 -21"><span class='ocrx_word' id='word_1_224' title='bbox 329 2126 381 2185; x_wconf 90' lang='lat' dir='ltr'><strong>tes</strong></span> <span class='ocrx_word' id='word_1_225' title='bbox 395 2115 514 2185; x_wconf 89' lang='lat' dir='ltr'><strong>ulcera</strong></span> <span class='ocrx_word' id='word_1_226' title='bbox 531 2123 657 2204; x_wconf 89' lang='lat' dir='ltr'><strong>sponte</strong></span> <span class='ocrx_word' id='word_1_227' title='bbox 672 2121 778 2192; x_wconf 90' lang='lat' dir='ltr'><strong>nata,</strong></span> <span class='ocrx_word' id='word_1_228' title='bbox 805 2120 867 2178; x_wconf 90' lang='lat' dir='ltr'><strong>ant</strong></span> <span class='ocrx_word' id='word_1_229' title='bbox 888 2108 984 2176; x_wconf 80' lang='lat' dir='ltr'><strong>ferro</strong></span> <span class='ocrx_word' id='word_1_230' title='bbox 1009 2105 1213 2186; x_wconf 63' lang='lat' dir='ltr'><strong>vulnerata,</strong></span> <span class='ocrx_word' id='word_1_231' title='bbox 1250 2113 1313 2173; x_wconf 68' lang='grc' dir='ltr'><strong>θῦῑ</strong></span> <span class='ocrx_word' id='word_1_232' title='bbox 1464 2106 1504 2177; x_wconf 94' lang='lat' dir='ltr'><strong>Si</strong></span> <span class='ocrx_word' id='word_1_233' title='bbox 1518 2109 1598 2204; x_wconf 91' lang='lat' dir='ltr'><strong>quis</strong></span> <span class='ocrx_word' id='word_1_234' title='bbox 1615 2124 1735 2181; x_wconf 92' lang='lat' dir='ltr'><strong>autem</strong></span> <span class='ocrx_word' id='word_1_235' title='bbox 1750 2113 1789 2180; x_wconf 93' lang='lat' dir='ltr'><strong>in</strong></span> <span class='ocrx_word' id='word_1_236' title='bbox 1803 2125 1923 2183; x_wconf 86' lang='lat' dir='ltr'><strong>mente</strong></span> <span class='ocrx_word' id='word_1_237' title='bbox 1941 2110 2050 2185; x_wconf 91' lang='lat' dir='ltr'><strong>habet</strong></span> <span class='ocrx_word' id='word_1_238' title='bbox 2064 2118 2223 2190; x_wconf 86' lang='lat' dir='ltr'><strong>veritatis</strong></span> <span class='ocrx_word' id='word_1_239' title='bbox 2240 2118 2350 2206; x_wconf 89' lang='lat' dir='ltr'><strong>viam,</strong></span> 
     </span>
     <span class='ocr_line' id='line_1_19' title="bbox 327 2205 2352 2313; baseline -0.001 -24"><span class='ocrx_word' id='word_1_240' title='bbox 327 2223 468 2313; x_wconf 90' lang='lat' dir='ltr'><strong>lapide,</strong></span> <span class='ocrx_word' id='word_1_241' title='bbox 518 2207 580 2289; x_wconf 90' lang='lat' dir='ltr'><strong>aut</strong></span> <span class='ocrx_word' id='word_1_242' title='bbox 609 2212 738 2312; x_wconf 88' lang='lat' dir='ltr'><strong>quibus</strong></span> <span class='ocrx_word' id='word_1_243' title='bbox 765 2211 919 2285; x_wconf 81' lang='lat' dir='ltr'><strong>aestivus</strong></span> <span class='ocrx_word' id='word_1_244' title='bbox 949 2208 1041 2304; x_wconf 90' lang='lat' dir='ltr'><strong>ignis</strong></span> <span class='ocrx_word' id='word_1_245' title='bbox 1071 2210 1313 2305; x_wconf 90' lang='lat' dir='ltr'><strong>populabatur</strong></span> <span class='ocrx_word' id='word_1_246' title='bbox 1361 2205 1457 2282; x_wconf 89' lang='lat' dir='ltr'><strong>hunc</strong></span> <span class='ocrx_word' id='word_1_247' title='bbox 1474 2214 1545 2283; x_wconf 83' lang='lat' dir='ltr'><strong>frui</strong></span> <span class='ocrx_word' id='word_1_248' title='bbox 1563 2215 1781 2285; x_wconf 88' lang='lat' dir='ltr'><strong>decetbonis</strong></span> <span class='ocrx_word' id='word_1_249' title='bbox 1797 2239 1816 2283; x_wconf 91' lang='lat' dir='ltr'><strong>a</strong></span> <span class='ocrx_word' id='word_1_250' title='bbox 1831 2214 1909 2284; x_wconf 91' lang='lat' dir='ltr'><strong>Deo</strong></span> <span class='ocrx_word' id='word_1_251' title='bbox 1924 2215 2029 2287; x_wconf 92' lang='lat' dir='ltr'><strong>datis.</strong></span> <span class='ocrx_word' id='word_1_252' title='bbox 2079 2220 2180 2291; x_wconf 86' lang='lat' dir='ltr'><strong>Alias</strong></span> <span class='ocrx_word' id='word_1_253' title='bbox 2192 2220 2253 2291; x_wconf 86' lang='lat' dir='ltr'><strong>alil</strong></span> <span class='ocrx_word' id='word_1_254' title='bbox 2266 2236 2352 2297; x_wconf 80' lang='lat' dir='ltr'><strong>sunt</strong></span> 
     </span>
     <span class='ocr_line' id='line_1_20' title="bbox 330 2312 2350 2414; baseline -0 -20"><span class='ocrx_word' id='word_1_255' title='bbox 330 2348 478 2414; x_wconf 88' lang='lat' dir='ltr'><strong>corpus,</strong></span> <span class='ocrx_word' id='word_1_256' title='bbox 521 2334 583 2392; x_wconf 88' lang='lat' dir='ltr'><strong>aut</strong></span> <span class='ocrx_word' id='word_1_257' title='bbox 604 2320 736 2409; x_wconf 76' lang='lat' dir='ltr'><strong>frigus,</strong></span> <span class='ocrx_word' id='word_1_258' title='bbox 773 2312 840 2386; x_wconf 90' lang='lat' dir='ltr'><strong>hos</strong></span> <span class='ocrx_word' id='word_1_259' title='bbox 864 2316 1041 2386; x_wconf 85' lang='lat' dir='ltr'><strong>liberavit.</strong></span> <span class='ocrx_word' id='word_1_260' title='bbox 1108 2313 1199 2385; x_wconf 90' lang='lat' dir='ltr'><strong>Aliis</strong></span> <span class='ocrx_word' id='word_1_261' title='bbox 1224 2336 1311 2382; x_wconf 93' lang='lat' dir='ltr'><strong>vero</strong></span> <span class='ocrx_word' id='word_1_262' title='bbox 1363 2327 1552 2385; x_wconf 88' lang='lat' dir='ltr'><strong>ventorum</strong></span> <span class='ocrx_word' id='word_1_263' title='bbox 1568 2316 1685 2389; x_wconf 90' lang='lat' dir='ltr'><strong>flatus.</strong></span> <span class='ocrx_word' id='word_1_264' title='bbox 1735 2317 1960 2410; x_wconf 89' lang='lat' dir='ltr'><strong>Prosperitas</strong></span> <span class='ocrx_word' id='word_1_265' title='bbox 1983 2343 2070 2390; x_wconf 92' lang='lat' dir='ltr'><strong>vero</strong></span> <span class='ocrx_word' id='word_1_266' title='bbox 2091 2317 2247 2393; x_wconf 90' lang='lat' dir='ltr'><strong>humana</strong></span> <span class='ocrx_word' id='word_1_267' title='bbox 2273 2348 2350 2394; x_wconf 94' lang='lat' dir='ltr'><strong>non</strong></span> 
     </span>
     <span class='ocr_line' id='line_1_21' title="bbox 327 2414 2350 2517; baseline 0.002 -23"><span class='ocrx_word' id='word_1_268' title='bbox 327 2427 453 2496; x_wconf 91' lang='lat' dir='ltr'><strong>molles</strong></span> <span class='ocrx_word' id='word_1_269' title='bbox 469 2422 731 2493; x_wconf 88' lang='lat' dir='ltr'><strong>incantationes</strong></span> <span class='ocrx_word' id='word_1_270' title='bbox 750 2414 932 2502; x_wconf 86' lang='lat' dir='ltr'><strong>adhibuit,</strong></span> <span class='ocrx_word' id='word_1_271' title='bbox 959 2430 1022 2486; x_wconf 92' lang='lat' dir='ltr'><strong>aut</strong></span> <span class='ocrx_word' id='word_1_272' title='bbox 1038 2416 1223 2506; x_wconf 88' lang='lat' dir='ltr'><strong>potiones,</strong></span> <span class='ocrx_word' id='word_1_273' title='bbox 1250 2426 1313 2483; x_wconf 93' lang='lat' dir='ltr'><strong>aut</strong></span> <span class='ocrx_word' id='word_1_274' title='bbox 1363 2416 1424 2486; x_wconf 94' lang='lat' dir='ltr'><strong>diu</strong></span> <span class='ocrx_word' id='word_1_275' title='bbox 1452 2432 1672 2508; x_wconf 89' lang='lat' dir='ltr'><strong>perseverat:</strong></span> <span class='ocrx_word' id='word_1_276' title='bbox 1714 2445 1806 2514; x_wconf 91' lang='lat' dir='ltr'><strong>quae</strong></span> <span class='ocrx_word' id='word_1_277' title='bbox 1836 2444 1917 2492; x_wconf 89' lang='lat' dir='ltr'><strong>cum</strong></span> <span class='ocrx_word' id='word_1_278' title='bbox 1947 2422 2064 2507; x_wconf 90' lang='lat' dir='ltr'><strong>venit,</strong></span> <span class='ocrx_word' id='word_1_279' title='bbox 2102 2426 2246 2517; x_wconf 87' lang='lat' dir='ltr'><strong>grandis</strong></span> <span class='ocrx_word' id='word_1_280' title='bbox 2273 2451 2350 2511; x_wconf 91' lang='lat' dir='ltr'><strong>ero,</strong></span> 
     </span>
     <span class='ocr_line' id='line_1_22' title="bbox 326 2515 2351 2617; baseline 0.001 -20"><span class='ocrx_word' id='word_1_281' title='bbox 326 2527 497 2597; x_wconf 88' lang='lat' dir='ltr'><strong>membris</strong></span> <span class='ocrx_word' id='word_1_282' title='bbox 514 2527 737 2596; x_wconf 91' lang='lat' dir='ltr'><strong>circumdans</strong></span> <span class='ocrx_word' id='word_1_283' title='bbox 753 2516 966 2615; x_wconf 87' lang='lat' dir='ltr'><strong>pharmaca,</strong></span> <span class='ocrx_word' id='word_1_284' title='bbox 994 2531 1054 2588; x_wconf 86' lang='lat' dir='ltr'><strong>aut</strong></span> <span class='ocrx_word' id='word_1_285' title='bbox 1078 2518 1230 2588; x_wconf 91' lang='lat' dir='ltr'><strong>secando</strong></span> <span class='ocrx_word' id='word_1_286' title='bbox 1252 2541 1312 2585; x_wconf 90' lang='lat' dir='ltr'><strong>cu·</strong></span> <span class='ocrx_word' id='word_1_287' title='bbox 1363 2516 1443 2611; x_wconf 78' lang='lat' dir='ltr'><strong>(Ep.</strong></span> <span class='ocrx_word' id='word_1_288' title='bbox 1459 2515 1513 2617; x_wconf 83' lang='lat'><strong>5.)</strong></span> <span class='ocrx_word' id='word_1_289' title='bbox 1540 2534 1575 2592; x_wconf 91' lang='lat' dir='ltr'><strong>et</strong></span> <span class='ocrx_word' id='word_1_290' title='bbox 1588 2545 1721 2612; x_wconf 89' lang='lat' dir='ltr'><strong>parvus</strong></span> <span class='ocrx_word' id='word_1_291' title='bbox 1736 2523 1830 2592; x_wconf 92' lang='lat' dir='ltr'><strong>inter</strong></span> <span class='ocrx_word' id='word_1_292' title='bbox 1846 2532 1998 2615; x_wconf 89' lang='lat' dir='ltr'><strong>parvos,</strong></span> <span class='ocrx_word' id='word_1_293' title='bbox 2025 2537 2059 2595; x_wconf 90' lang='lat' dir='ltr'><strong>et</strong></span> <span class='ocrx_word' id='word_1_294' title='bbox 2081 2550 2231 2617; x_wconf 88' lang='lat' dir='ltr'><strong>magnus</strong></span> <span class='ocrx_word' id='word_1_295' title='bbox 2253 2528 2351 2599; x_wconf 90' lang='lat' dir='ltr'><strong>inter</strong></span> 
     </span>
     <span class='ocr_line' id='line_1_23' title="bbox 327 2624 2351 2717; baseline 0.007 -30"><span class='ocrx_word' id='word_1_296' title='bbox 327 2629 433 2700; x_wconf 68' lang='lat' dir='ltr'><strong>ravit,</strong></span> <span class='ocrx_word' id='word_1_297' title='bbox 1244 2640 1249 2648; x_wconf 88' lang='lat'><strong>·</strong></span> <span class='ocrx_word' id='word_1_298' title='bbox 1363 2646 1523 2711; x_wconf 87' lang='lat' dir='ltr'><strong>magnos.</strong></span> <span class='ocrx_word' id='word_1_299' title='bbox 1591 2624 1740 2715; x_wconf 90' lang='lat' dir='ltr'><strong>Semper</strong></span> <span class='ocrx_word' id='word_1_300' title='bbox 1769 2627 1815 2694; x_wconf 91' lang='lat' dir='ltr'><strong>ad</strong></span> <span class='ocrx_word' id='word_1_301' title='bbox 1843 2640 2065 2717; x_wconf 87' lang='lat' dir='ltr'><strong>praesentem</strong></span> <span class='ocrx_word' id='word_1_302' title='bbox 2086 2629 2269 2701; x_wconf 80' lang='lat' dir='ltr'><strong>fortunam</strong></span> <span class='ocrx_word' id='word_1_303' title='bbox 2291 2654 2351 2701; x_wconf 90' lang='lat' dir='ltr'><strong>ao-</strong></span> 
     </span>
    </p>

    <p class='ocr_par' dir='ltr' id='par_1_5' title="bbox 323 2718 2351 3222">
     <span class='ocr_line' id='line_1_24' title="bbox 430 2718 2351 2823; baseline 0.003 -23"><span class='ocrx_word' id='word_1_304' title='bbox 430 2728 530 2822; x_wconf 73' lang='lat' dir='ltr'><strong>(Aut.</strong></span> <span class='ocrx_word' id='word_1_305' title='bbox 548 2727 601 2823; x_wconf 78' lang='grc'><strong>8.)</strong></span> <span class='ocrx_word' id='word_1_306' title='bbox 628 2726 697 2797; x_wconf 88' lang='lat' dir='ltr'><strong>Sed</strong></span> <span class='ocrx_word' id='word_1_307' title='bbox 712 2727 811 2797; x_wconf 92' lang='lat' dir='ltr'><strong>lucro</strong></span> <span class='ocrx_word' id='word_1_308' title='bbox 830 2724 935 2795; x_wconf 90' lang='lat' dir='ltr'><strong>etiam</strong></span> <span class='ocrx_word' id='word_1_309' title='bbox 959 2721 1134 2815; x_wconf 87' lang='lat' dir='ltr'><strong>sapientia</strong></span> <span class='ocrx_word' id='word_1_310' title='bbox 1159 2718 1309 2811; x_wconf 88' lang='lat' dir='ltr'><strong>capitur.</strong></span> <span class='ocrx_word' id='word_1_311' title='bbox 1362 2727 1599 2796; x_wconf 89' lang='lat' dir='ltr'><strong>commodabo</strong></span> <span class='ocrx_word' id='word_1_312' title='bbox 1625 2728 1806 2814; x_wconf 90' lang='lat' dir='ltr'><strong>animum,</strong></span> <span class='ocrx_word' id='word_1_313' title='bbox 1846 2752 1892 2797; x_wconf 91' lang='lat' dir='ltr'><strong>ne</strong></span> <span class='ocrx_word' id='word_1_314' title='bbox 1915 2728 2002 2821; x_wconf 93' lang='lat' dir='ltr'><strong>quid</strong></span> <span class='ocrx_word' id='word_1_315' title='bbox 2020 2754 2128 2819; x_wconf 89' lang='lat' dir='ltr'><strong>supra</strong></span> <span class='ocrx_word' id='word_1_316' title='bbox 2154 2734 2248 2805; x_wconf 89' lang='lat' dir='ltr'><strong>vires</strong></span> <span class='ocrx_word' id='word_1_317' title='bbox 2271 2758 2351 2805; x_wconf 90' lang='lat' dir='ltr'><strong>rno-</strong></span> 
     </span>
     <span class='ocr_line' id='line_1_25' title="bbox 325 2825 2350 2926; baseline 0.001 -24"><span class='ocrx_word' id='word_1_318' title='bbox 325 2832 505 2902; x_wconf 90' lang='lat' dir='ltr'><strong>Pervertit</strong></span> <span class='ocrx_word' id='word_1_319' title='bbox 525 2843 560 2897; x_wconf 93' lang='lat' dir='ltr'><strong>et</strong></span> <span class='ocrx_word' id='word_1_320' title='bbox 586 2828 681 2898; x_wconf 90' lang='lat' dir='ltr'><strong>hunc</strong></span> <span class='ocrx_word' id='word_1_321' title='bbox 713 2853 841 2899; x_wconf 91' lang='lat' dir='ltr'><strong>aurum</strong></span> <span class='ocrx_word' id='word_1_322' title='bbox 865 2829 904 2896; x_wconf 91' lang='lat' dir='ltr'><strong>in</strong></span> <span class='ocrx_word' id='word_1_323' title='bbox 925 2826 1090 2895; x_wconf 89' lang='lat' dir='ltr'><strong>manibus</strong></span> <span class='ocrx_word' id='word_1_324' title='bbox 1121 2845 1310 2913; x_wconf 90' lang='lat' dir='ltr'><strong>apparens,</strong></span> <span class='ocrx_word' id='word_1_325' title='bbox 1361 2825 1441 2895; x_wconf 89' lang='lat' dir='ltr'><strong>liar.</strong></span> <span class='ocrx_word' id='word_1_326' title='bbox 1502 2827 1540 2896; x_wconf 92' lang='lat' dir='ltr'><strong>Si</strong></span> <span class='ocrx_word' id='word_1_327' title='bbox 1564 2841 1681 2898; x_wconf 90' lang='lat' dir='ltr'><strong>autern</strong></span> <span class='ocrx_word' id='word_1_328' title='bbox 1697 2828 1794 2902; x_wconf 89' lang='lat' dir='ltr'><strong>Deus</strong></span> <span class='ocrx_word' id='word_1_329' title='bbox 1817 2825 1907 2899; x_wconf 77' lang='lat' dir='ltr'><strong>mihi</strong></span> <span class='ocrx_word' id='word_1_330' title='bbox 1925 2828 2066 2899; x_wconf 90' lang='lat' dir='ltr'><strong>divitias</strong></span> <span class='ocrx_word' id='word_1_331' title='bbox 2088 2831 2207 2915; x_wconf 87' lang='lat' dir='ltr'><strong>dabit,</strong></span> <span class='ocrx_word' id='word_1_332' title='bbox 2240 2859 2350 2926; x_wconf 89' lang='lat' dir='ltr'><strong>spero</strong></span> 
     </span>
     <span class='ocr_line' id='line_1_26' title="bbox 325 2924 2148 3024; baseline 0 -20"><span class='ocrx_word' id='word_1_333' title='bbox 325 2945 367 3004; x_wconf 87' lang='lat' dir='ltr'><strong>ut</strong></span> <span class='ocrx_word' id='word_1_334' title='bbox 382 2932 616 3024; x_wconf 85' lang='lat' dir='ltr'><strong>Hippolytum</strong></span> <span class='ocrx_word' id='word_1_335' title='bbox 634 2955 677 3001; x_wconf 85' lang='lat' dir='ltr'><strong>ex</strong></span> <span class='ocrx_word' id='word_1_336' title='bbox 692 2944 810 2999; x_wconf 90' lang='lat' dir='ltr'><strong>morte</strong></span> <span class='ocrx_word' id='word_1_337' title='bbox 824 2933 1027 3009; x_wconf 89' lang='lat' dir='ltr'><strong>reduceret,</strong></span> <span class='ocrx_word' id='word_1_338' title='bbox 1059 2924 1130 2991; x_wconf 88' lang='lat' dir='ltr'><strong>iarn</strong></span> <span class='ocrx_word' id='word_1_339' title='bbox 1153 2936 1309 3011; x_wconf 89' lang='lat' dir='ltr'><strong>captum.</strong></span> <span class='ocrx_word' id='word_1_340' title='bbox 1361 2952 1418 2997; x_wconf 90' lang='lat' dir='ltr'><strong>rne</strong></span> <span class='ocrx_word' id='word_1_341' title='bbox 1433 2929 1583 3018; x_wconf 74' lang='lat' dir='ltr'><strong>gloriani</strong></span> <span class='ocrx_word' id='word_1_342' title='bbox 1603 2927 1810 3003; x_wconf 91' lang='lat' dir='ltr'><strong>habitururn</strong></span> <span class='ocrx_word' id='word_1_343' title='bbox 1825 2956 1898 3003; x_wconf 85' lang='lat' dir='ltr'><strong>esse</strong></span> <span class='ocrx_word' id='word_1_344' title='bbox 1915 2933 1961 3001; x_wconf 90' lang='lat' dir='ltr'><strong>ad</strong></span> <span class='ocrx_word' id='word_1_345' title='bbox 1975 2944 2148 3023; x_wconf 85' lang='lat' dir='ltr'><strong>posteros.</strong></span> 
     </span>
     <span class='ocr_line' id='line_1_27' title="bbox 323 3025 2350 3129; baseline 0.001 -26"><span class='ocrx_word' id='word_1_346' title='bbox 323 3032 503 3103; x_wconf 87' lang='lat' dir='ltr'><strong>luteriecit</strong></span> <span class='ocrx_word' id='word_1_347' title='bbox 517 3033 625 3123; x_wconf 88' lang='lat' dir='ltr'><strong>igitur</strong></span> <span class='ocrx_word' id='word_1_348' title='bbox 639 3047 834 3124; x_wconf 89' lang='lat' dir='ltr'><strong>utrumque</strong></span> <span class='ocrx_word' id='word_1_349' title='bbox 850 3028 985 3119; x_wconf 89' lang='lat' dir='ltr'><strong>lnpiter</strong></span> <span class='ocrx_word' id='word_1_350' title='bbox 998 3025 1158 3097; x_wconf 86' lang='lat' dir='ltr'><strong>fulmine.</strong></span> <span class='ocrx_word' id='word_1_351' title='bbox 1191 3026 1310 3116; x_wconf 88' lang='lat' dir='ltr'><strong>Opor-</strong></span> <span class='ocrx_word' id='word_1_352' title='bbox 1463 3030 1649 3103; x_wconf 86' lang='lat' dir='ltr'><strong>Nestorem</strong></span> <span class='ocrx_word' id='word_1_353' title='bbox 1674 3049 1709 3103; x_wconf 91' lang='lat' dir='ltr'><strong>et</strong></span> <span class='ocrx_word' id='word_1_354' title='bbox 1732 3035 1977 3129; x_wconf 88' lang='lat' dir='ltr'><strong>Sarpedonem</strong></span> <span class='ocrx_word' id='word_1_355' title='bbox 2007 3030 2197 3106; x_wconf 90' lang='lat' dir='ltr'><strong>hominum</strong></span> <span class='ocrx_word' id='word_1_356' title='bbox 2228 3060 2350 3109; x_wconf 89' lang='lat' dir='ltr'><strong>sermo</strong></span> 
     </span>
     <span class='ocr_line' id='line_1_28' title="bbox 324 3127 2350 3222; baseline 0.002 -18"><span class='ocrx_word' id='word_1_357' title='bbox 324 3146 378 3204; x_wconf 85' lang='lat' dir='ltr'><strong>tet</strong></span> <span class='ocrx_word' id='word_1_358' title='bbox 398 3148 516 3204; x_wconf 89' lang='lat' dir='ltr'><strong>autem</strong></span> <span class='ocrx_word' id='word_1_359' title='bbox 539 3135 724 3201; x_wconf 89' lang='lat' dir='ltr'><strong>moderata</strong></span> <span class='ocrx_word' id='word_1_360' title='bbox 748 3157 768 3201; x_wconf 92' lang='lat' dir='ltr'><strong>a</strong></span> <span class='ocrx_word' id='word_1_361' title='bbox 793 3130 872 3202; x_wconf 91' lang='lat' dir='ltr'><strong>Diis</strong></span> <span class='ocrx_word' id='word_1_362' title='bbox 899 3144 1040 3222; x_wconf 90' lang='lat' dir='ltr'><strong>petere,</strong></span> <span class='ocrx_word' id='word_1_363' title='bbox 1082 3127 1310 3218; x_wconf 81' lang='lat' dir='ltr'><strong>cogitantem,</strong></span> <span class='ocrx_word' id='word_1_364' title='bbox 1360 3131 1491 3201; x_wconf 92' lang='lat' dir='ltr'><strong>retinet</strong></span> <span class='ocrx_word' id='word_1_365' title='bbox 1521 3159 1562 3204; x_wconf 83' lang='lat' dir='ltr'><strong>ex</strong></span> <span class='ocrx_word' id='word_1_366' title='bbox 1593 3138 1821 3207; x_wconf 85' lang='lat' dir='ltr'><strong>carminibus.</strong></span> <span class='ocrx_word' id='word_1_367' title='bbox 1887 3134 1985 3207; x_wconf 89' lang='lat' dir='ltr'><strong>lllius</strong></span> <span class='ocrx_word' id='word_1_368' title='bbox 2008 3138 2147 3208; x_wconf 89' lang='lat' dir='ltr'><strong>virtutis</strong></span> <span class='ocrx_word' id='word_1_369' title='bbox 2171 3128 2350 3209; x_wconf 85' lang='lat' dir='ltr'><strong>memoria</strong></span> 
     </span>
    </p>
   </div>
   <div class='ocr_carea' id='block_1_4' title="bbox 215 3234 2350 5468">
    <p class='ocr_par' dir='ltr' id='par_1_6' title="bbox 215 3234 2350 5468">
     <span class='ocr_line' id='line_1_29' title="bbox 322 3234 2350 3332; baseline 0.004 -27"><span class='ocrx_word' id='word_1_370' title='bbox 322 3237 431 3330; x_wconf 90' lang='lat' dir='ltr'><strong>quale</strong></span> <span class='ocrx_word' id='word_1_371' title='bbox 446 3234 651 3324; x_wconf 86' lang='lat' dir='ltr'><strong>antepedes</strong></span> <span class='ocrx_word' id='word_1_372' title='bbox 667 3235 873 3304; x_wconf 85' lang='lat' dir='ltr'><strong>sitsactum.</strong></span> <span class='ocrx_word' id='word_1_373' title='bbox 1360 3234 1423 3303; x_wconf 92' lang='lat' dir='ltr'><strong>diu</strong></span> <span class='ocrx_word' id='word_1_374' title='bbox 1438 3236 1564 3321; x_wconf 90' lang='lat' dir='ltr'><strong>durat,</strong></span> <span class='ocrx_word' id='word_1_375' title='bbox 1592 3263 1683 3332; x_wconf 90' lang='lat' dir='ltr'><strong>quae</strong></span> <span class='ocrx_word' id='word_1_376' title='bbox 1705 3240 1864 3309; x_wconf 89' lang='lat' dir='ltr'><strong>carmine</strong></span> <span class='ocrx_word' id='word_1_377' title='bbox 1886 3239 2061 3310; x_wconf 92' lang='lat' dir='ltr'><strong>celebrata</strong></span> <span class='ocrx_word' id='word_1_378' title='bbox 2085 3253 2155 3317; x_wconf 77' lang='lat' dir='ltr'><strong>est:</strong></span> <span class='ocrx_word' id='word_1_379' title='bbox 2188 3236 2259 3311; x_wconf 90' lang='lat' dir='ltr'><strong>hoc</strong></span> <span class='ocrx_word' id='word_1_380' title='bbox 2285 3266 2350 3314; x_wconf 89' lang='lat' dir='ltr'><strong>au·</strong></span> 
     </span>
     <span class='ocr_line' id='line_1_30' title="bbox 429 3327 1746 3429; baseline 0.005 -23"><span class='ocrx_word' id='word_1_381' title='bbox 429 3336 510 3429; x_wconf 76' lang='lat' dir='ltr'><strong>(Ep.</strong></span> <span class='ocrx_word' id='word_1_382' title='bbox 525 3336 578 3429; x_wconf 80' lang='grc'><strong>8.)</strong></span> <span class='ocrx_word' id='word_1_383' title='bbox 606 3335 686 3402; x_wconf 90' lang='lat' dir='ltr'><strong>Mea</strong></span> <span class='ocrx_word' id='word_1_384' title='bbox 703 3335 836 3419; x_wconf 90' lang='lat' dir='ltr'><strong>anima,</strong></span> <span class='ocrx_word' id='word_1_385' title='bbox 862 3358 908 3403; x_wconf 93' lang='lat' dir='ltr'><strong>ne</strong></span> <span class='ocrx_word' id='word_1_386' title='bbox 923 3334 1034 3403; x_wconf 90' lang='lat' dir='ltr'><strong>vitam</strong></span> <span class='ocrx_word' id='word_1_387' title='bbox 1051 3327 1144 3400; x_wconf 89' lang='lat' dir='ltr'><strong>hanc</strong></span> <span class='ocrx_word' id='word_1_388' title='bbox 1160 3331 1309 3401; x_wconf 90' lang='lat' dir='ltr'><strong>immor·</strong></span> <span class='ocrx_word' id='word_1_389' title='bbox 1361 3346 1431 3405; x_wconf 91' lang='lat' dir='ltr'><strong>tem</strong></span> <span class='ocrx_word' id='word_1_390' title='bbox 1450 3340 1556 3428; x_wconf 88' lang='lat' dir='ltr'><strong>pauci</strong></span> <span class='ocrx_word' id='word_1_391' title='bbox 1571 3340 1746 3414; x_wconf 90' lang='lat' dir='ltr'><strong>obtinent.</strong></span> 
     </span>
     <span class='ocr_line' id='line_1_31' title="bbox 323 3432 1309 3530; baseline -0.009 -21"><span class='ocrx_word' id='word_1_392' title='bbox 323 3440 432 3510; x_wconf 86' lang='lat' dir='ltr'><strong>talem</strong></span> <span class='ocrx_word' id='word_1_393' title='bbox 452 3461 525 3507; x_wconf 89' lang='lat' dir='ltr'><strong>esse</strong></span> <span class='ocrx_word' id='word_1_394' title='bbox 550 3437 745 3506; x_wconf 81' lang='lat' dir='ltr'><strong>existimes:</strong></span> <span class='ocrx_word' id='word_1_395' title='bbox 779 3449 815 3505; x_wconf 93' lang='lat' dir='ltr'><strong>et</strong></span> <span class='ocrx_word' id='word_1_396' title='bbox 836 3460 969 3530; x_wconf 91' lang='lat' dir='ltr'><strong>quaere</strong></span> <span class='ocrx_word' id='word_1_397' title='bbox 993 3432 1136 3525; x_wconf 86' lang='lat' dir='ltr'><strong>negotia</strong></span> <span class='ocrx_word' id='word_1_398' title='bbox 1159 3434 1309 3523; x_wconf 87' lang='lat' dir='ltr'><strong>possibi-</strong></span> 
     </span>
     <span class='ocr_line' id='line_1_32' title="bbox 321 3495 2031 3645; baseline -0.005 -34"><span class='ocrx_word' id='word_1_399' title='bbox 321 3543 385 3613; x_wconf 90' lang='lat' dir='ltr'><strong>lia.</strong></span> <span class='ocrx_word' id='word_1_400' title='bbox 436 3540 473 3609; x_wconf 91' lang='lat' dir='ltr'><strong>Si</strong></span> <span class='ocrx_word' id='word_1_401' title='bbox 487 3534 625 3610; x_wconf 89' lang='lat' dir='ltr'><strong>Chiron</strong></span> <span class='ocrx_word' id='word_1_402' title='bbox 640 3536 757 3608; x_wconf 91' lang='lat' dir='ltr'><strong>adbuc</strong></span> <span class='ocrx_word' id='word_1_403' title='bbox 772 3539 928 3621; x_wconf 88' lang='lat' dir='ltr'><strong>viveret,</strong></span> <span class='ocrx_word' id='word_1_404' title='bbox 955 3551 990 3606; x_wconf 95' lang='lat' dir='ltr'><strong>et</strong></span> <span class='ocrx_word' id='word_1_405' title='bbox 1005 3548 1108 3628; x_wconf 88' lang='lat' dir='ltr'><strong>grata</strong></span> <span class='ocrx_word' id='word_1_406' title='bbox 1134 3536 1249 3605; x_wconf 85' lang='lat' dir='ltr'><strong>essent</strong></span> <span class='ocrx_word' id='word_1_407' title='bbox 1275 3536 1307 3605; x_wconf 90' lang='lat' dir='ltr'><strong>ei</strong></span> <span class='ocrx_word' id='word_1_408' title='bbox 1762 3495 1855 3581; x_wconf 65' lang='lat'><strong>⁰⁸¹⁰</strong></span> <span class='ocrx_word' id='word_1_409' title='bbox 1872 3495 1952 3578; x_wconf 76' lang='lat' dir='ltr'><strong>lv·</strong></span> <span class='ocrx_word' id='word_1_410' title='bbox 1984 3612 2031 3645; x_wconf 41' lang='lat' dir='ltr'><strong>,a</strong></span> 
     </span>
     <span class='ocr_line' id='line_1_33' title="bbox 322 3627 2158 3732; baseline 0.001 -18"><span class='ocrx_word' id='word_1_411' title='bbox 322 3656 446 3714; x_wconf 89' lang='lat' dir='ltr'><strong>nostra</strong></span> <span class='ocrx_word' id='word_1_412' title='bbox 480 3642 662 3724; x_wconf 89' lang='lat' dir='ltr'><strong>carmina,</strong></span> <span class='ocrx_word' id='word_1_413' title='bbox 702 3643 953 3732; x_wconf 90' lang='lat' dir='ltr'><strong>persuaderem</strong></span> <span class='ocrx_word' id='word_1_414' title='bbox 988 3641 1040 3724; x_wconf 93' lang='lat' dir='ltr'><strong>ei,</strong></span> <span class='ocrx_word' id='word_1_415' title='bbox 1085 3648 1186 3709; x_wconf 86' lang='lat' dir='ltr'><strong>utet</strong></span> <span class='ocrx_word' id='word_1_416' title='bbox 1213 3661 1308 3706; x_wconf 92' lang='lat' dir='ltr'><strong>nunc</strong></span> <span class='ocrx_word' id='word_1_417' title='bbox 1547 3627 1780 3695; x_wconf 65' lang='lat' dir='ltr'><strong>Armll‘w</strong></span> <span class='ocrx_word' id='word_1_418' title='bbox 1806 3630 1979 3714; x_wconf 57' lang='lat' dir='ltr'><strong>cmm</strong></span> <span class='ocrx_word' id='word_1_419' title='bbox 2005 3646 2158 3719; x_wconf 57' lang='grc' dir='ltr'><strong>ἅρματ’·</strong></span> 
     </span>
     <span class='ocr_line' id='line_1_34' title="bbox 324 3734 2348 3840; baseline -0.004 -25"><span class='ocrx_word' id='word_1_420' title='bbox 324 3747 511 3840; x_wconf 88' lang='lat' dir='ltr'><strong>praeberet</strong></span> <span class='ocrx_word' id='word_1_421' title='bbox 532 3769 569 3814; x_wconf 91' lang='lat' dir='ltr'><strong>se</strong></span> <span class='ocrx_word' id='word_1_422' title='bbox 593 3744 771 3813; x_wconf 90' lang='lat' dir='ltr'><strong>medicum</strong></span> <span class='ocrx_word' id='word_1_423' title='bbox 796 3743 900 3814; x_wconf 90' lang='lat' dir='ltr'><strong>bonis</strong></span> <span class='ocrx_word' id='word_1_424' title='bbox 922 3738 1187 3812; x_wconf 92' lang='lat' dir='ltr'><strong>vehementium</strong></span> <span class='ocrx_word' id='word_1_425' title='bbox 1211 3762 1309 3809; x_wconf 91' lang='lat' dir='ltr'><strong>mor·</strong></span> <span class='ocrx_word' id='word_1_426' title='bbox 1464 3734 1555 3826; x_wconf 77' lang='lat' dir='ltr'><strong>(Str.</strong></span> <span class='ocrx_word' id='word_1_427' title='bbox 1577 3740 1627 3831; x_wconf 89' lang='lat'><strong>1.)</strong></span> <span class='ocrx_word' id='word_1_428' title='bbox 1653 3740 1770 3811; x_wconf 89' lang='lat' dir='ltr'><strong>Hodie</strong></span> <span class='ocrx_word' id='word_1_429' title='bbox 1788 3753 1932 3833; x_wconf 90' lang='lat' dir='ltr'><strong>oportet</strong></span> <span class='ocrx_word' id='word_1_430' title='bbox 1947 3753 1980 3811; x_wconf 91' lang='lat' dir='ltr'><strong>te</strong></span> <span class='ocrx_word' id='word_1_431' title='bbox 1996 3742 2095 3832; x_wconf 90' lang='lat' dir='ltr'><strong>apud</strong></span> <span class='ocrx_word' id='word_1_432' title='bbox 2116 3739 2272 3811; x_wconf 87' lang='lat' dir='ltr'><strong>amicum</strong></span> <span class='ocrx_word' id='word_1_433' title='bbox 2292 3761 2348 3807; x_wconf 88' lang='lat' dir='ltr'><strong>re-</strong></span> 
     </span>
     <span class='ocr_line' id='line_1_35' title="bbox 321 3837 2350 3939; baseline -0.004 -20"><span class='ocrx_word' id='word_1_434' title='bbox 321 3851 472 3931; x_wconf 90' lang='lat' dir='ltr'><strong>borum,</strong></span> <span class='ocrx_word' id='word_1_435' title='bbox 499 3857 562 3916; x_wconf 90' lang='lat' dir='ltr'><strong>aut</strong></span> <span class='ocrx_word' id='word_1_436' title='bbox 582 3846 769 3938; x_wconf 89' lang='lat' dir='ltr'><strong>praeberet</strong></span> <span class='ocrx_word' id='word_1_437' title='bbox 788 3844 944 3939; x_wconf 89' lang='lat' dir='ltr'><strong>aliquem</strong></span> <span class='ocrx_word' id='word_1_438' title='bbox 957 3844 1137 3937; x_wconf 84' lang='lat' dir='ltr'><strong>Apollinis</strong></span> <span class='ocrx_word' id='word_1_439' title='bbox 1160 3853 1196 3911; x_wconf 94' lang='lat' dir='ltr'><strong>et</strong></span> <span class='ocrx_word' id='word_1_440' title='bbox 1214 3839 1309 3913; x_wconf 90' lang='lat' dir='ltr'><strong>lovis</strong></span> <span class='ocrx_word' id='word_1_441' title='bbox 1359 3861 1440 3928; x_wconf 85' lang='lat' dir='ltr'><strong>gem</strong></span> <span class='ocrx_word' id='word_1_442' title='bbox 1457 3837 1613 3932; x_wconf 87' lang='lat' dir='ltr'><strong>Cyrenes</strong></span> <span class='ocrx_word' id='word_1_443' title='bbox 1631 3856 1745 3928; x_wconf 88' lang='lat' dir='ltr'><strong>stare,</strong></span> <span class='ocrx_word' id='word_1_444' title='bbox 1772 3869 1793 3913; x_wconf 93' lang='grc' dir='ltr'>ο</span> <span class='ocrx_word' id='word_1_445' title='bbox 1809 3844 1911 3915; x_wconf 87' lang='lat' dir='ltr'><strong>Musa</strong></span> <span class='ocrx_word' id='word_1_446' title='bbox 1925 3898 1935 3928; x_wconf 92' lang='lat'><strong>,</strong></span> <span class='ocrx_word' id='word_1_447' title='bbox 1958 3856 1998 3915; x_wconf 91' lang='lat' dir='ltr'><strong>ut</strong></span> <span class='ocrx_word' id='word_1_448' title='bbox 2013 3868 2094 3915; x_wconf 92' lang='lat' dir='ltr'><strong>cum</strong></span> <span class='ocrx_word' id='word_1_449' title='bbox 2110 3841 2350 3915; x_wconf 74' lang='lat' dir='ltr'><strong>Arcesilacc·</strong></span> 
     </span>
     <span class='ocr_line' id='line_1_36' title="bbox 322 3941 2350 4045; baseline -0.002 -26"><span class='ocrx_word' id='word_1_450' title='bbox 322 3963 483 4045; x_wconf 84' lang='lat' dir='ltr'><strong>gnatum.</strong></span> <span class='ocrx_word' id='word_1_451' title='bbox 534 3948 649 4018; x_wconf 90' lang='lat' dir='ltr'><strong>Acin</strong></span> <span class='ocrx_word' id='word_1_452' title='bbox 673 3946 776 4017; x_wconf 87' lang='lat' dir='ltr'><strong>lanio</strong></span> <span class='ocrx_word' id='word_1_453' title='bbox 800 3948 894 4017; x_wconf 92' lang='lat' dir='ltr'><strong>mari</strong></span> <span class='ocrx_word' id='word_1_454' title='bbox 914 3948 1075 4017; x_wconf 91' lang='lat' dir='ltr'><strong>venirem</strong></span> <span class='ocrx_word' id='word_1_455' title='bbox 1102 3948 1147 4016; x_wconf 90' lang='lat' dir='ltr'><strong>ad</strong></span> <span class='ocrx_word' id='word_1_456' title='bbox 1171 3945 1308 4015; x_wconf 81' lang='lat' dir='ltr'><strong>iontem</strong></span> <span class='ocrx_word' id='word_1_457' title='bbox 1360 3941 1520 4013; x_wconf 89' lang='lat' dir='ltr'><strong>lebrante</strong></span> <span class='ocrx_word' id='word_1_458' title='bbox 1542 3946 1766 4031; x_wconf 91' lang='lat' dir='ltr'><strong>convivium,</strong></span> <span class='ocrx_word' id='word_1_459' title='bbox 1808 3971 1937 4039; x_wconf 89' lang='lat' dir='ltr'><strong>augeas</strong></span> <span class='ocrx_word' id='word_1_460' title='bbox 1960 3942 2109 4016; x_wconf 91' lang='lat' dir='ltr'><strong>Phoebo</strong></span> <span class='ocrx_word' id='word_1_461' title='bbox 2129 3945 2291 4017; x_wconf 86' lang='lat' dir='ltr'><strong>debitum</strong></span> <span class='ocrx_word' id='word_1_462' title='bbox 2312 3955 2350 4015; x_wconf 88' lang='lat' dir='ltr'><strong>et</strong></span> 
     </span>
     <span class='ocr_line' id='line_1_37' title="bbox 323 4041 2350 4142; baseline -0.004 -17"><span class='ocrx_word' id='word_1_463' title='bbox 323 4048 559 4132; x_wconf 78' lang='lat' dir='ltr'><strong>Arethusam,</strong></span> <span class='ocrx_word' id='word_1_464' title='bbox 599 4051 645 4117; x_wconf 93' lang='lat' dir='ltr'><strong>ad</strong></span> <span class='ocrx_word' id='word_1_465' title='bbox 674 4054 873 4120; x_wconf 89' lang='lat' dir='ltr'><strong>Aetnaeum</strong></span> <span class='ocrx_word' id='word_1_466' title='bbox 905 4044 1103 4140; x_wconf 90' lang='lat' dir='ltr'><strong>hospitem,</strong></span> <span class='ocrx_word' id='word_1_467' title='bbox 1137 4044 1230 4137; x_wconf 74' lang='lat' dir='ltr'><strong>(sar.</strong></span> <span class='ocrx_word' id='word_1_468' title='bbox 1254 4044 1308 4142; x_wconf 83' lang='grc'><strong>4.)</strong></span> <span class='ocrx_word' id='word_1_469' title='bbox 1360 4056 1501 4134; x_wconf 78' lang='lat' dir='ltr'><strong>gratum</strong></span> <span class='ocrx_word' id='word_1_470' title='bbox 1519 4041 1714 4140; x_wconf 90' lang='lat' dir='ltr'><strong>hymnum:</strong></span> <span class='ocrx_word' id='word_1_471' title='bbox 1750 4051 1812 4120; x_wconf 94' lang='lat' dir='ltr'><strong>nbi</strong></span> <span class='ocrx_word' id='word_1_472' title='bbox 1835 4051 2001 4123; x_wconf 90' lang='lat' dir='ltr'><strong>sacerdos</strong></span> <span class='ocrx_word' id='word_1_473' title='bbox 2014 4044 2145 4142; x_wconf 89' lang='lat' dir='ltr'><strong>Pythia</strong></span> <span class='ocrx_word' id='word_1_474' title='bbox 2167 4048 2265 4141; x_wconf 89' lang='lat' dir='ltr'><strong>apud</strong></span> <span class='ocrx_word' id='word_1_475' title='bbox 2285 4068 2350 4119; x_wconf 82' lang='lat' dir='ltr'><strong>an-</strong></span> 
     </span>
     <span class='ocr_line' id='line_1_38' title="bbox 323 4148 2349 4247; baseline -0.001 -22"><span class='ocrx_word' id='word_1_476' title='bbox 323 4179 443 4247; x_wconf 90' lang='lat' dir='ltr'><strong>regem</strong></span> <span class='ocrx_word' id='word_1_477' title='bbox 467 4151 750 4245; x_wconf 88' lang='lat' dir='ltr'><strong>Syracusanum,</strong></span> <span class='ocrx_word' id='word_1_478' title='bbox 791 4150 854 4244; x_wconf 92' lang='lat' dir='ltr'><strong>qui</strong></span> <span class='ocrx_word' id='word_1_479' title='bbox 884 4160 938 4220; x_wconf 89' lang='lat' dir='ltr'><strong>est</strong></span> <span class='ocrx_word' id='word_1_480' title='bbox 959 4150 1056 4220; x_wconf 90' lang='lat' dir='ltr'><strong>mitis</strong></span> <span class='ocrx_word' id='word_1_481' title='bbox 1077 4148 1232 4233; x_wconf 90' lang='lat' dir='ltr'><strong>civibus,</strong></span> <span class='ocrx_word' id='word_1_482' title='bbox 1274 4161 1310 4218; x_wconf 92' lang='lat' dir='ltr'><strong>et</strong></span> <span class='ocrx_word' id='word_1_483' title='bbox 1361 4170 1440 4218; x_wconf 90' lang='lat' dir='ltr'><strong>reas</strong></span> <span class='ocrx_word' id='word_1_484' title='bbox 1470 4151 1628 4242; x_wconf 90' lang='lat' dir='ltr'><strong>aquilas,</strong></span> <span class='ocrx_word' id='word_1_485' title='bbox 1670 4178 1744 4223; x_wconf 92' lang='lat' dir='ltr'><strong>non</strong></span> <span class='ocrx_word' id='word_1_486' title='bbox 1776 4154 1920 4224; x_wconf 90' lang='lat' dir='ltr'><strong>absente</strong></span> <span class='ocrx_word' id='word_1_487' title='bbox 1950 4151 2118 4243; x_wconf 88' lang='lat' dir='ltr'><strong>Apolline</strong></span> <span class='ocrx_word' id='word_1_488' title='bbox 2149 4149 2349 4241; x_wconf 82' lang='lat' dir='ltr'><strong>respoudit,</strong></span> 
     </span>
     <span class='ocr_line' id='line_1_39' title="bbox 323 4246 2348 4347; baseline -0.001 -21"><span class='ocrx_word' id='word_1_489' title='bbox 323 4282 399 4326; x_wconf 91' lang='lat' dir='ltr'><strong>non</strong></span> <span class='ocrx_word' id='word_1_490' title='bbox 426 4255 564 4323; x_wconf 90' lang='lat' dir='ltr'><strong>invidet</strong></span> <span class='ocrx_word' id='word_1_491' title='bbox 593 4253 718 4337; x_wconf 90' lang='lat' dir='ltr'><strong>bonis,</strong></span> <span class='ocrx_word' id='word_1_492' title='bbox 758 4265 794 4322; x_wconf 90' lang='lat' dir='ltr'><strong>et</strong></span> <span class='ocrx_word' id='word_1_493' title='bbox 821 4262 873 4322; x_wconf 92' lang='lat' dir='ltr'><strong>est</strong></span> <span class='ocrx_word' id='word_1_494' title='bbox 906 4250 1093 4323; x_wconf 88' lang='lat' dir='ltr'><strong>mirandus</strong></span> <span class='ocrx_word' id='word_1_495' title='bbox 1119 4262 1221 4342; x_wconf 90' lang='lat' dir='ltr'><strong>pater</strong></span> <span class='ocrx_word' id='word_1_496' title='bbox 1242 4246 1308 4322; x_wconf 92' lang='lat' dir='ltr'><strong>bo·</strong></span> <span class='ocrx_word' id='word_1_497' title='bbox 1360 4247 1505 4319; x_wconf 91' lang='lat' dir='ltr'><strong>Battum</strong></span> <span class='ocrx_word' id='word_1_498' title='bbox 1518 4252 1596 4322; x_wconf 86' lang='lat' dir='ltr'><strong>lore</strong></span> <span class='ocrx_word' id='word_1_499' title='bbox 1609 4256 1837 4324; x_wconf 84' lang='lat' dir='ltr'><strong>fundatorem</strong></span> <span class='ocrx_word' id='word_1_500' title='bbox 1852 4255 1951 4326; x_wconf 92' lang='lat' dir='ltr'><strong>urbis</strong></span> <span class='ocrx_word' id='word_1_501' title='bbox 1967 4252 2146 4347; x_wconf 85' lang='lat' dir='ltr'><strong>inLihya,</strong></span> <span class='ocrx_word' id='word_1_502' title='bbox 2171 4252 2348 4323; x_wconf 85' lang='lat' dir='ltr'><strong>etrelicta</strong></span> 
     </span>
     <span class='ocr_line' id='line_1_40' title="bbox 215 4348 2349 4450; baseline 0.005 -33"><span class='ocrx_word' id='word_1_503' title='bbox 215 4434 219 4441; x_wconf 22' lang='lat'><em>¹</em></span> <span class='ocrx_word' id='word_1_504' title='bbox 324 4359 469 4450; x_wconf 60' lang='lat' dir='ltr'><strong>spitum.</strong></span> <span class='ocrx_word' id='word_1_505' title='bbox 1360 4350 1475 4420; x_wconf 92' lang='lat' dir='ltr'><strong>insula</strong></span> <span class='ocrx_word' id='word_1_506' title='bbox 1490 4348 1611 4422; x_wconf 88' lang='lat' dir='ltr'><strong>Thera</strong></span> <span class='ocrx_word' id='word_1_507' title='bbox 1637 4356 1864 4426; x_wconf 91' lang='lat' dir='ltr'><strong>conditurum</strong></span> <span class='ocrx_word' id='word_1_508' title='bbox 1890 4382 1964 4428; x_wconf 92' lang='lat' dir='ltr'><strong>esse</strong></span> <span class='ocrx_word' id='word_1_509' title='bbox 1985 4359 2108 4428; x_wconf 87' lang='lat' dir='ltr'><strong>urhern</strong></span> <span class='ocrx_word' id='word_1_510' title='bbox 2130 4356 2169 4423; x_wconf 89' lang='lat' dir='ltr'><strong>in</strong></span> <span class='ocrx_word' id='word_1_511' title='bbox 2191 4354 2349 4427; x_wconf 81' lang='lat' dir='ltr'><strong>candida</strong></span> 
     </span>
     <span class='ocr_line' id='line_1_41' title="bbox 427 4452 2349 4555; baseline -0.002 -26"><span class='ocrx_word' id='word_1_512' title='bbox 427 4460 485 4529; x_wconf 93' lang='lat' dir='ltr'><strong>Ad</strong></span> <span class='ocrx_word' id='word_1_513' title='bbox 511 4481 617 4551; x_wconf 87' lang='lat' dir='ltr'><strong>quern</strong></span> <span class='ocrx_word' id='word_1_514' title='bbox 648 4456 679 4527; x_wconf 93' lang='lat' dir='ltr'><strong>si</strong></span> <span class='ocrx_word' id='word_1_515' title='bbox 701 4452 896 4541; x_wconf 87' lang='lat' dir='ltr'><strong>venissem,</strong></span> <span class='ocrx_word' id='word_1_516' title='bbox 936 4455 1114 4545; x_wconf 91' lang='lat' dir='ltr'><strong>geminam</strong></span> <span class='ocrx_word' id='word_1_517' title='bbox 1145 4460 1308 4530; x_wconf 84' lang='lat' dir='ltr'><strong>adferens</strong></span> <span class='ocrx_word' id='word_1_518' title='bbox 1360 4475 1539 4537; x_wconf 68' lang='lat' dir='ltr'><strong>mamma,</strong></span> <span class='ocrx_word' id='word_1_519' title='bbox 1580 4452 1680 4546; x_wconf 74' lang='lat' dir='ltr'><strong>(aaa.</strong></span> <span class='ocrx_word' id='word_1_520' title='bbox 1708 4459 1759 4555; x_wconf 88' lang='lat'><strong>1.)</strong></span> <span class='ocrx_word' id='word_1_521' title='bbox 1794 4473 1829 4529; x_wconf 94' lang='lat' dir='ltr'><strong>et</strong></span> <span class='ocrx_word' id='word_1_522' title='bbox 1854 4460 2001 4531; x_wconf 89' lang='lat' dir='ltr'><strong>Medeae</strong></span> <span class='ocrx_word' id='word_1_523' title='bbox 2034 4456 2246 4530; x_wconf 87' lang='lat' dir='ltr'><strong>vaticinium</strong></span> <span class='ocrx_word' id='word_1_524' title='bbox 2269 4481 2349 4550; x_wconf 86' lang='lat' dir='ltr'><strong>pet·</strong></span> 
     </span>
     <span class='ocr_line' id='line_1_42' title="bbox 326 4554 2348 4655; baseline 0.001 -26"><span class='ocrx_word' id='word_1_525' title='bbox 326 4563 491 4655; x_wconf 87' lang='lat' dir='ltr'><strong>gratiam,</strong></span> <span class='ocrx_word' id='word_1_526' title='bbox 517 4584 663 4629; x_wconf 90' lang='lat' dir='ltr'><strong>auream</strong></span> <span class='ocrx_word' id='word_1_527' title='bbox 679 4559 880 4642; x_wconf 90' lang='lat' dir='ltr'><strong>sanitatem,</strong></span> <span class='ocrx_word' id='word_1_528' title='bbox 901 4570 935 4627; x_wconf 90' lang='lat' dir='ltr'><strong>et</strong></span> <span class='ocrx_word' id='word_1_529' title='bbox 949 4554 1124 4652; x_wconf 91' lang='lat' dir='ltr'><strong>hymnum</strong></span> <span class='ocrx_word' id='word_1_530' title='bbox 1138 4564 1182 4633; x_wconf 92' lang='lat' dir='ltr'><strong>de</strong></span> <span class='ocrx_word' id='word_1_531' title='bbox 1197 4563 1308 4633; x_wconf 89' lang='lat' dir='ltr'><strong>victo·</strong></span> <span class='ocrx_word' id='word_1_532' title='bbox 1358 4555 1535 4624; x_wconf 68' lang='lat' dir='ltr'><strong>seclorum</strong></span> <span class='ocrx_word' id='word_1_533' title='bbox 1571 4583 1645 4631; x_wconf 85' lang='lat' dir='ltr'><strong>esse</strong></span> <span class='ocrx_word' id='word_1_534' title='bbox 1683 4565 1834 4654; x_wconf 91' lang='lat' dir='ltr'><strong>septima</strong></span> <span class='ocrx_word' id='word_1_535' title='bbox 1869 4565 2007 4634; x_wconf 89' lang='lat' dir='ltr'><strong>decima</strong></span> <span class='ocrx_word' id='word_1_536' title='bbox 2040 4558 2275 4655; x_wconf 86' lang='lat' dir='ltr'><strong>generatione</strong></span> <span class='ocrx_word' id='word_1_537' title='bbox 2307 4582 2348 4631; x_wconf 80' lang='lat' dir='ltr'><strong>ex</strong></span> 
     </span>
     <span class='ocr_line' id='line_1_43' title="bbox 325 4652 2348 4757; baseline 0 -23"><span class='ocrx_word' id='word_1_538' title='bbox 325 4667 380 4734; x_wconf 92' lang='lat' dir='ltr'><strong>ria</strong></span> <span class='ocrx_word' id='word_1_539' title='bbox 399 4662 554 4757; x_wconf 89' lang='lat' dir='ltr'><strong>equestri</strong></span> <span class='ocrx_word' id='word_1_540' title='bbox 576 4664 622 4732; x_wconf 94' lang='lat' dir='ltr'><strong>ad</strong></span> <span class='ocrx_word' id='word_1_541' title='bbox 638 4657 827 4754; x_wconf 89' lang='lat' dir='ltr'><strong>Syrrham:</strong></span> <span class='ocrx_word' id='word_1_542' title='bbox 860 4661 1020 4732; x_wconf 89' lang='lat' dir='ltr'><strong>venirem</strong></span> <span class='ocrx_word' id='word_1_543' title='bbox 1045 4664 1079 4735; x_wconf 90' lang='lat' dir='ltr'><strong>ei</strong></span> <span class='ocrx_word' id='word_1_544' title='bbox 1101 4689 1166 4735; x_wconf 88' lang='lat' dir='ltr'><strong>ceu</strong></span> <span class='ocrx_word' id='word_1_545' title='bbox 1185 4667 1308 4735; x_wconf 90' lang='lat' dir='ltr'><strong>lumen</strong></span> <span class='ocrx_word' id='word_1_546' title='bbox 1360 4652 1501 4741; x_wconf 74' lang='lat' dir='ltr'><strong>Thera,</strong></span> <span class='ocrx_word' id='word_1_547' title='bbox 1528 4664 1626 4754; x_wconf 90' lang='lat' dir='ltr'><strong>quod</strong></span> <span class='ocrx_word' id='word_1_548' title='bbox 1643 4663 1784 4750; x_wconf 88' lang='lat' dir='ltr'><strong>Medea,</strong></span> <span class='ocrx_word' id='word_1_549' title='bbox 1800 4667 1871 4736; x_wconf 88' lang='lat' dir='ltr'><strong>lilia</strong></span> <span class='ocrx_word' id='word_1_550' title='bbox 1888 4667 2033 4750; x_wconf 86' lang='lat' dir='ltr'><strong>Aeetae,</strong></span> <span class='ocrx_word' id='word_1_551' title='bbox 2056 4665 2178 4756; x_wconf 90' lang='lat' dir='ltr'><strong>regina</strong></span> <span class='ocrx_word' id='word_1_552' title='bbox 2195 4657 2348 4751; x_wconf 81' lang='lat' dir='ltr'><strong>Colcho·</strong></span> 
     </span>
     <span class='ocr_line' id='line_1_44' title="bbox 324 4762 2345 4859; baseline -0.003 -21"><span class='ocrx_word' id='word_1_553' title='bbox 324 4764 544 4859; x_wconf 87' lang='lat' dir='ltr'><strong>splendidius</strong></span> <span class='ocrx_word' id='word_1_554' title='bbox 555 4767 677 4847; x_wconf 89' lang='lat' dir='ltr'><strong>stella,</strong></span> <span class='ocrx_word' id='word_1_555' title='bbox 702 4764 850 4832; x_wconf 91' lang='lat' dir='ltr'><strong>traiecto</strong></span> <span class='ocrx_word' id='word_1_556' title='bbox 865 4764 969 4836; x_wconf 89' lang='lat' dir='ltr'><strong>mari.</strong></span> <span class='ocrx_word' id='word_1_557' title='bbox 1024 4786 1032 4801; x_wconf 84' lang='lat'><strong>·</strong></span> <span class='ocrx_word' id='word_1_558' title='bbox 1359 4785 1440 4831; x_wconf 79' lang='lat' dir='ltr'><strong>rum</strong></span> <span class='ocrx_word' id='word_1_559' title='bbox 1465 4762 1587 4838; x_wconf 76' lang='lat' dir='ltr'><strong>edidit.</strong></span> <span class='ocrx_word' id='word_1_560' title='bbox 1645 4767 1745 4839; x_wconf 86' lang='lat' dir='ltr'><strong>Dixit</strong></span> <span class='ocrx_word' id='word_1_561' title='bbox 1770 4784 1888 4840; x_wconf 91' lang='lat' dir='ltr'><strong>autern</strong></span> <span class='ocrx_word' id='word_1_562' title='bbox 1911 4770 1960 4840; x_wconf 91' lang='lat' dir='ltr'><strong>sic</strong></span> <span class='ocrx_word' id='word_1_563' title='bbox 1984 4771 2030 4838; x_wconf 94' lang='lat' dir='ltr'><strong>ad</strong></span> <span class='ocrx_word' id='word_1_564' title='bbox 2052 4766 2189 4839; x_wconf 87' lang='lat' dir='ltr'><strong>lasonis</strong></span> <span class='ocrx_word' id='word_1_565' title='bbox 2212 4766 2345 4837; x_wconf 89' lang='lat' dir='ltr'><strong>socios:</strong></span> 
     </span>
     <span class='ocr_line' id='line_1_45' title="bbox 428 4863 2347 4964; baseline -0.001 -24"><span class='ocrx_word' id='word_1_566' title='bbox 428 4867 528 4961; x_wconf 73' lang='lat' dir='ltr'><strong>(aas.</strong></span> <span class='ocrx_word' id='word_1_567' title='bbox 551 4867 605 4964; x_wconf 83' lang='lat'><strong>4.)</strong></span> <span class='ocrx_word' id='word_1_568' title='bbox 643 4866 714 4938; x_wconf 91' lang='lat' dir='ltr'><strong>Sed</strong></span> <span class='ocrx_word' id='word_1_569' title='bbox 739 4865 879 4958; x_wconf 89' lang='lat' dir='ltr'><strong>precari</strong></span> <span class='ocrx_word' id='word_1_570' title='bbox 901 4878 1023 4956; x_wconf 89' lang='lat' dir='ltr'><strong>prote</strong></span> <span class='ocrx_word' id='word_1_571' title='bbox 1047 4868 1130 4937; x_wconf 90' lang='lat' dir='ltr'><strong>volo</strong></span> <span class='ocrx_word' id='word_1_572' title='bbox 1154 4882 1306 4938; x_wconf 90' lang='lat' dir='ltr'><strong>matrem</strong></span> <span class='ocrx_word' id='word_1_573' title='bbox 1358 4863 1490 4935; x_wconf 92' lang='lat' dir='ltr'><strong>Audite</strong></span> <span class='ocrx_word' id='word_1_574' title='bbox 1513 4865 1667 4955; x_wconf 89' lang='lat' dir='ltr'><strong>Heroes,</strong></span> <span class='ocrx_word' id='word_1_575' title='bbox 1711 4874 1795 4943; x_wconf 88' lang='lat' dir='ltr'><strong>dico</strong></span> <span class='ocrx_word' id='word_1_576' title='bbox 1823 4898 1865 4943; x_wconf 81' lang='lat' dir='ltr'><strong>ex</strong></span> <span class='ocrx_word' id='word_1_577' title='bbox 1893 4868 1961 4942; x_wconf 88' lang='lat' dir='ltr'><strong>hac</strong></span> <span class='ocrx_word' id='word_1_578' title='bbox 1986 4872 2088 4961; x_wconf 89' lang='lat' dir='ltr'><strong>gleba</strong></span> <span class='ocrx_word' id='word_1_579' title='bbox 2116 4871 2228 4941; x_wconf 78' lang='lat' dir='ltr'><strong>filiam</strong></span> <span class='ocrx_word' id='word_1_580' title='bbox 2251 4866 2347 4961; x_wconf 79' lang='lat' dir='ltr'><strong>Epa·</strong></span> 
     </span>
     <span class='ocr_line' id='line_1_46' title="bbox 324 4963 2346 5067; baseline 0.002 -28"><span class='ocrx_word' id='word_1_581' title='bbox 324 4967 485 5054; x_wconf 85' lang='lat' dir='ltr'><strong>Rheam,</strong></span> <span class='ocrx_word' id='word_1_582' title='bbox 525 4996 632 5063; x_wconf 91' lang='lat' dir='ltr'><strong>quam</strong></span> <span class='ocrx_word' id='word_1_583' title='bbox 654 4971 692 5039; x_wconf 92' lang='lat' dir='ltr'><strong>in</strong></span> <span class='ocrx_word' id='word_1_584' title='bbox 717 4993 800 5038; x_wconf 89' lang='lat' dir='ltr'><strong>meo</strong></span> <span class='ocrx_word' id='word_1_585' title='bbox 823 4966 998 5039; x_wconf 88' lang='lat' dir='ltr'><strong>vestibulo</strong></span> <span class='ocrx_word' id='word_1_586' title='bbox 1023 4972 1145 5041; x_wconf 90' lang='lat' dir='ltr'><strong>colunt</strong></span> <span class='ocrx_word' id='word_1_587' title='bbox 1167 4970 1307 5063; x_wconf 90' lang='lat' dir='ltr'><strong>puellae</strong></span> <span class='ocrx_word' id='word_1_588' title='bbox 1358 4963 1422 5058; x_wconf 93' lang='lat' dir='ltr'><strong>phi</strong></span> <span class='ocrx_word' id='word_1_589' title='bbox 1437 4970 1678 5061; x_wconf 91' lang='lat' dir='ltr'><strong>plantaturam</strong></span> <span class='ocrx_word' id='word_1_590' title='bbox 1695 4998 1770 5045; x_wconf 89' lang='lat' dir='ltr'><strong>esse</strong></span> <span class='ocrx_word' id='word_1_591' title='bbox 1784 4976 1928 5046; x_wconf 88' lang='lat' dir='ltr'><strong>urbium</strong></span> <span class='ocrx_word' id='word_1_592' title='bbox 1951 4974 2128 5058; x_wconf 89' lang='lat' dir='ltr'><strong>radicem,</strong></span> <span class='ocrx_word' id='word_1_593' title='bbox 2160 4973 2201 5043; x_wconf 92' lang='lat' dir='ltr'><strong>in</strong></span> <span class='ocrx_word' id='word_1_594' title='bbox 2220 4973 2346 5067; x_wconf 65' lang='lat' dir='ltr'><strong>sunda-</strong></span> 
     </span>
     <span class='ocr_line' id='line_1_47' title="bbox 327 5069 2347 5173; baseline 0.003 -35"><span class='ocrx_word' id='word_1_595' title='bbox 327 5072 411 5140; x_wconf 90' lang='lat' dir='ltr'><strong>totis</strong></span> <span class='ocrx_word' id='word_1_596' title='bbox 433 5072 607 5144; x_wconf 85' lang='lat' dir='ltr'><strong>noctibus.</strong></span> <span class='ocrx_word' id='word_1_597' title='bbox 667 5071 731 5142; x_wconf 92' lang='lat' dir='ltr'><strong>Sin</strong></span> <span class='ocrx_word' id='word_1_598' title='bbox 755 5083 875 5141; x_wconf 87' lang='lat' dir='ltr'><strong>antem</strong></span> <span class='ocrx_word' id='word_1_599' title='bbox 899 5095 1081 5145; x_wconf 86' lang='lat' dir='ltr'><strong>sermones</strong></span> <span class='ocrx_word' id='word_1_600' title='bbox 1101 5087 1218 5144; x_wconf 89' lang='lat' dir='ltr'><strong>rectos</strong></span> <span class='ocrx_word' id='word_1_601' title='bbox 1240 5072 1308 5144; x_wconf 87' lang='lat' dir='ltr'><strong>scis</strong></span> <span class='ocrx_word' id='word_1_602' title='bbox 1358 5071 1488 5143; x_wconf 89' lang='lat' dir='ltr'><strong>mentis</strong></span> <span class='ocrx_word' id='word_1_603' title='bbox 1502 5069 1595 5143; x_wconf 89' lang='lat' dir='ltr'><strong>lovis</strong></span> <span class='ocrx_word' id='word_1_604' title='bbox 1613 5074 1843 5156; x_wconf 77' lang='lat' dir='ltr'><strong>Hammonis3</strong></span> <span class='ocrx_word' id='word_1_605' title='bbox 1877 5076 1959 5173; x_wconf 81' lang='lat' dir='ltr'><strong>(Ep.</strong></span> <span class='ocrx_word' id='word_1_606' title='bbox 1976 5075 2028 5170; x_wconf 85' lang='grc'><strong>1.)</strong></span> <span class='ocrx_word' id='word_1_607' title='bbox 2054 5101 2096 5147; x_wconf 90' lang='lat' dir='ltr'><strong>ac</strong></span> <span class='ocrx_word' id='word_1_608' title='bbox 2118 5100 2186 5167; x_wconf 94' lang='lat' dir='ltr'><strong>pro</strong></span> <span class='ocrx_word' id='word_1_609' title='bbox 2208 5070 2347 5167; x_wconf 86' lang='lat' dir='ltr'><strong>delphi·</strong></span> 
     </span>
     <span class='ocr_line' id='line_1_48' title="bbox 324 5171 2346 5274; baseline 0.004 -36"><span class='ocrx_word' id='word_1_610' title='bbox 324 5172 542 5262; x_wconf 88' lang='lat' dir='ltr'><strong>intelligere,</strong></span> <span class='ocrx_word' id='word_1_611' title='bbox 568 5173 699 5265; x_wconf 89' lang='lat' dir='ltr'><strong>cogites</strong></span> <span class='ocrx_word' id='word_1_612' title='bbox 714 5187 832 5243; x_wconf 88' lang='lat' dir='ltr'><strong>vetera</strong></span> <span class='ocrx_word' id='word_1_613' title='bbox 852 5175 1027 5265; x_wconf 83' lang='lat' dir='ltr'><strong>exempla.</strong></span> <span class='ocrx_word' id='word_1_614' title='bbox 1077 5173 1176 5247; x_wconf 82' lang='lat' dir='ltr'><strong>luxta</strong></span> <span class='ocrx_word' id='word_1_615' title='bbox 1194 5199 1305 5247; x_wconf 92' lang='lat' dir='ltr'><strong>unum</strong></span> <span class='ocrx_word' id='word_1_616' title='bbox 1357 5174 1415 5244; x_wconf 91' lang='lat' dir='ltr'><strong>nis</strong></span> <span class='ocrx_word' id='word_1_617' title='bbox 1438 5187 1474 5243; x_wconf 93' lang='lat' dir='ltr'><strong>et</strong></span> <span class='ocrx_word' id='word_1_618' title='bbox 1496 5171 1676 5248; x_wconf 85' lang='lat' dir='ltr'><strong>branchiis</strong></span> <span class='ocrx_word' id='word_1_619' title='bbox 1696 5176 1829 5250; x_wconf 87' lang='lat' dir='ltr'><strong>Therei</strong></span> <span class='ocrx_word' id='word_1_620' title='bbox 1856 5204 1968 5274; x_wconf 91' lang='lat' dir='ltr'><strong>equos</strong></span> <span class='ocrx_word' id='word_1_621' title='bbox 1991 5179 2189 5271; x_wconf 91' lang='lat' dir='ltr'><strong>accipient,</strong></span> <span class='ocrx_word' id='word_1_622' title='bbox 2221 5191 2262 5249; x_wconf 92' lang='lat' dir='ltr'><strong>et</strong></span> <span class='ocrx_word' id='word_1_623' title='bbox 2284 5172 2346 5249; x_wconf 80' lang='lat' dir='ltr'><strong>ha-</strong></span> 
     </span>
     <span class='ocr_line' id='line_1_49' title="bbox 324 5274 2114 5374; baseline 0.008 -33"><span class='ocrx_word' id='word_1_624' title='bbox 324 5274 459 5341; x_wconf 91' lang='lat' dir='ltr'><strong>bonnm</strong></span> <span class='ocrx_word' id='word_1_625' title='bbox 485 5275 557 5343; x_wconf 90' lang='lat' dir='ltr'><strong>duo</strong></span> <span class='ocrx_word' id='word_1_626' title='bbox 580 5276 807 5345; x_wconf 88' lang='lat' dir='ltr'><strong>incommoda</strong></span> <span class='ocrx_word' id='word_1_627' title='bbox 825 5274 886 5345; x_wconf 90' lang='lat' dir='ltr'><strong>Dii</strong></span> <span class='ocrx_word' id='word_1_628' title='bbox 904 5277 1067 5348; x_wconf 92' lang='lat' dir='ltr'><strong>tribuunt</strong></span> <span class='ocrx_word' id='word_1_629' title='bbox 1089 5274 1306 5350; x_wconf 90' lang='lat' dir='ltr'><strong>hominibus.</strong></span> <span class='ocrx_word' id='word_1_630' title='bbox 1358 5277 1467 5347; x_wconf 89' lang='lat' dir='ltr'><strong>henas</strong></span> <span class='ocrx_word' id='word_1_631' title='bbox 1485 5302 1552 5367; x_wconf 89' lang='lat' dir='ltr'><strong>pro</strong></span> <span class='ocrx_word' id='word_1_632' title='bbox 1567 5280 1695 5366; x_wconf 89' lang='lat' dir='ltr'><strong>remis,</strong></span> <span class='ocrx_word' id='word_1_633' title='bbox 1721 5297 1757 5354; x_wconf 89' lang='lat' dir='ltr'><strong>et</strong></span> <span class='ocrx_word' id='word_1_634' title='bbox 1774 5284 1961 5374; x_wconf 89' lang='lat' dir='ltr'><strong>agitabunt</strong></span> <span class='ocrx_word' id='word_1_635' title='bbox 1977 5306 2114 5355; x_wconf 88' lang='lat' dir='ltr'><strong>currus.</strong></span> 
     </span>
     <span class='ocr_line' id='line_1_50' title="bbox 324 5371 1569 5468; baseline 0.007 -25"><span class='ocrx_word' id='word_1_636' title='bbox 324 5374 394 5444; x_wconf 89' lang='lat' dir='ltr'><strong>Sed</strong></span> <span class='ocrx_word' id='word_1_637' title='bbox 417 5371 503 5445; x_wconf 88' lang='lat' dir='ltr'><strong>haec</strong></span> <span class='ocrx_word' id='word_1_638' title='bbox 526 5377 732 5468; x_wconf 86' lang='lat' dir='ltr'><strong>insipientes</strong></span> <span class='ocrx_word' id='word_1_639' title='bbox 752 5403 826 5448; x_wconf 90' lang='lat' dir='ltr'><strong>non</strong></span> <span class='ocrx_word' id='word_1_640' title='bbox 850 5392 986 5451; x_wconf 89' lang='lat' dir='ltr'><strong>norunt</strong></span> <span class='ocrx_word' id='word_1_641' title='bbox 1006 5382 1098 5452; x_wconf 82' lang='lat' dir='ltr'><strong>ferre</strong></span> <span class='ocrx_word' id='word_1_642' title='bbox 1122 5385 1306 5462; x_wconf 91' lang='lat' dir='ltr'><strong>decenter;</strong></span> <span class='ocrx_word' id='word_1_643' title='bbox 1362 5400 1569 5419; x_wconf 78' lang='grc'><strong>-·“···</strong></span> 
     </span>
    </p>
   </div>
   <div class='ocr_carea' id='block_1_5' title="bbox 323 5444 2346 5570">
    <p class='ocr_par' dir='ltr' id='par_1_7' title="bbox 323 5444 2346 5570">
     <span class='ocr_line' id='line_1_51' title="bbox 453 5444 2346 5517; baseline 0.003 -23"><span class='ocrx_word' id='word_1_644' title='bbox 453 5479 461 5494; x_wconf 92' lang='grc'><strong>.</strong></span> <span class='ocrx_word' id='word_1_645' title='bbox 1391 5444 1448 5514; x_wconf 65' lang='grc'><strong>61)</strong></span> <span class='ocrx_word' id='word_1_646' title='bbox 1467 5450 1612 5508; x_wconf 79' lang='lat' dir='ltr'><strong>senentes]</strong></span> <span class='ocrx_word' id='word_1_647' title='bbox 1637 5449 1679 5499; x_wconf 86' lang='lat' dir='ltr'><strong>sto</strong></span> <span class='ocrx_word' id='word_1_648' title='bbox 1696 5448 1745 5500; x_wconf 77' lang='lat' dir='ltr'><strong>Ed</strong></span> <span class='ocrx_word' id='word_1_649' title='bbox 1761 5450 1854 5517; x_wconf 66' lang='lat' dir='ltr'><strong>lm,</strong></span> <span class='ocrx_word' id='word_1_650' title='bbox 1879 5452 1912 5503; x_wconf 83' lang='lat'><strong>11.</strong></span> <span class='ocrx_word' id='word_1_651' title='bbox 1933 5449 2042 5513; x_wconf 68' lang='lat' dir='ltr'><strong>steps„</strong></span> <span class='ocrx_word' id='word_1_652' title='bbox 2067 5446 2184 5515; x_wconf 71' lang='lat' dir='ltr'><strong>liene,</strong></span> <span class='ocrx_word' id='word_1_653' title='bbox 2211 5447 2346 5509; x_wconf 65' lang='lat' dir='ltr'><strong>bosom</strong></span> 
     </span>
     <span class='ocr_line' id='line_1_52' title="bbox 323 5475 1734 5570; baseline 0.017 -24"><span class='ocrx_word' id='word_1_654' title='bbox 323 5489 362 5546; x_wconf 91' lang='lat' dir='ltr'><strong>at</strong></span> <span class='ocrx_word' id='word_1_655' title='bbox 376 5478 462 5547; x_wconf 83' lang='lat' dir='ltr'><strong>bons</strong></span> <span class='ocrx_word' id='word_1_656' title='bbox 478 5475 626 5570; x_wconf 87' lang='lat' dir='ltr'><strong>pulchra</strong></span> <span class='ocrx_word' id='word_1_657' title='bbox 642 5483 741 5553; x_wconf 85' lang='lat' dir='ltr'><strong>foras</strong></span> <span class='ocrx_word' id='word_1_658' title='bbox 755 5495 910 5555; x_wconf 88' lang='lat' dir='ltr'><strong>vertunt.</strong></span> <span class='ocrx_word' id='word_1_659' title='bbox 1425 5516 1475 5569; x_wconf 80' lang='lat' dir='ltr'><strong>se.</strong></span> <span class='ocrx_word' id='word_1_660' title='bbox 1493 5516 1567 5567; x_wconf 75' lang='lat' dir='ltr'><strong>roos</strong></span> <span class='ocrx_word' id='word_1_661' title='bbox 1585 5522 1734 5570; x_wconf 70' lang='lat' dir='ltr'><strong>anesten.</strong></span> 
     </span>
    </p>
   </div>
   <div class='ocr_carea' id='block_1_6' title="bbox 0 0 2386 6008">
    <p class='ocr_par' dir='ltr' id='par_1_8' title="bbox 0 0 2386 6008">
     <span class='ocr_line' id='line_1_53' title="bbox 0 0 2386 6008; baseline 0 0"><span class='ocrx_word' id='word_1_662' title='bbox 0 0 2386 6008; x_wconf 95' lang='lat' dir='ltr'><strong> </strong></span> 
     </span>
    </p>
   </div>
  </div>
 </body>
</html>
