4762 6008
252 332 329 407 sss
404 320 409 329 '
837 316 960 390 ema.
988 314 1102 388 nan.
1137 312 1340 389 scutras
1368 310 1704 389 rinnonofflca
2215 283 2292 397 3'04

253 506 299 578 sit
324 523 437 596 parva
463 498 641 592 quaedam
664 491 780 561 insula
795 488 912 559 vicina
929 486 1122 560 Norbeiae.
1172 485 1242 558 Sed
1292 490 1391 560 beot.
1445 487 1609 559 Primam
1623 485 1825 558 arationem
1847 501 1981 558 vocant
1997 488 2291 582 proscissionem,¹

254 619 392 677 veteres
414 598 611 673 Norbeiam
635 593 897 663 intellexerunt.
957 589 1097 661 Dicitur
1120 601 1239 659 autem
1293 592 1486 663 secundam
1504 590 1752 673 iterationem,
1779 588 1923 659 tertiam
1938 591 2193 667 tertationem,

252 706 411 783 Norbeia
436 726 456 770 a
480 696 735 791 septentrione.
799 693 893 765 Nam
915 691 1008 766 Nort
1028 692 1242 785 septentrio·
1394 691 1457 764 Vs.
1480 687 1542 763 50.
1587 696 1637 763 Aa
1664 686 1779 790 priua]
1820 689 2024 766 Secundum
2059 710 2287 789 preceptum,

252 834 335 880 nem
349 804 536 895 fignificat·
1293 796 1392 890 qnod
1414 793 1461 866 sit
1479 788 1645 865 habenda
1669 794 1763 863 ratio
1787 793 1962 868 locorum.
2067 794 2218 897 Aequor]
2243 800 2285 871 id

354 904 416 977 Vs.
447 905 509 975 81.
548 906 716 974 Generum
749 893 858 995 emat]
903 896 941 965 id
974 909 1044 979 est,
1083 896 1143 963 det
1175 894 1242 964 tibi
1292 908 1364 980 est,
1388 920 1568 987 campum,

251 1036 361 1086 unam
379 1002 599 1101 Nympham.
633 1001 772 1072 Alludit
796 1002 843 1069 ad
861 999 962 1070 illum
986 1010 1142 1068 veterem
1163 1020 1241 1067 mo·
1394 996 1439 1070 V.
1462 993 1525 1071 68.
1565 1000 1655 1083 Quid
1676 1022 1822 1094 quaeque
1843 996 1955 1099 sem]
1995 999 2087 1072 ,imp
2117 1015 2284 1075 nomm

255 1140 353 1197 rem,
381 1110 444 1205 qui
463 1108 648 1177 dicebatur
671 1102 863 1193 coemptio.
1291 1102 1408 1171 solum
1433 1122 1509 1170 non
1530 1101 1601 1169 lert
1624 1099 1801 1180 triticum;
1835 1106 1897 1173 sed
1919 1126 2001 1173 cum
2022 1101 2174 1177 serimus
2189 1104 2282 1176 ffifi,

355 1215 415 1283 Vs.
438 1213 500 1284 52.
541 1215 641 1279 Anne
654 1208 789 1297 novam]
822 1205 858 1272 id
885 1217 955 1284 est,
990 1225 1036 1270 au
1053 1200 1140 1270 velis
1164 1198 1241 1269 lieri
1292 1228 1395 1285 cum,
1422 1203 1615 1292 degenerat
1632 1202 1826 1273 iambum,

252 1320 392 1412 Signum
410 1316 448 1381 3¹¹
467 1311 636 1381 Z⁰di³⁶⁰·
1394 1303 1455 1376 Vs.
1470 1299 1533 1375 56.
1556 1308 1696 1376 iniussa
1745 1304 1870 1388 idest,
1897 1288 2036 1397 sponte.

354 1417 416 1488 Vs.
433 1415 495 1485 66.
531 1403 718 1505 Erigonen]
743 1409 780 1477 id
797 1419 871 1489 est,
899 1404 1086 1496 virginem.
1137 1400 1242 1471 Scor·
1394 1406 1455 1479 Vs.
1472 1402 1536 1479 66.
1571 1301 1729 1505 mig]
1763 1406 1871 1478 Mons
1899 1406 2064 1494 Ciliciae,
2100 1413 2162 1483 ubi
2189 1413 2282 1505 opti·

252 1524 335 1617 pius
345 1513 534 1590 contrahet
541 1511 683 1595 Chelas,
697 1522 738 1581 ut
751 1511 816 1580 tibi
831 1512 892 1579 det
907 1509 1037 1579 locum.
1068 1504 1163 1578 Nam
1180 1502 1241 1572 ille
1292 1534 1372 1583 mus
1388 1533 1513 1581 crocu,
1525 1511 1696 1580 nascitur,

253 1627 354 1697 locus
369 1620 502 1690 Librae
529 1618 625 1709 apud
642 1627 778 1683 veteres
795 1625 831 1681 et
851 1611 1061 1702 praesertim
1083 1606 1241 1677 Graecos
1391 1609 1442 1683 Vs
1456 1607 1518 1683 68.
1552 1606 1734 1709 Chalybes]
1776 1610 1909 1704 Populi
1930 1612 2095 1683 Galatiae
2119 1614 2158 1683 in
2182 1614 2283 1703 Asis,

252 1750 331 1797 non
352 1724 538 1795 dicebatur
559 1716 692 1801 Libra,
717 1716 779 1785 sed
802 1708 944 1784 Chelae.
995 1710 1048 1781 lta
1071 1707 1241 1801 Scorpius
1293 1728 1328 1786 et
1344 1715 1407 1785 illa
1429 1738 1515 1806 pars
1529 1710 1702 1808 Chalybia
1724 1711 1920 1784 dicebatur.
1971 1711 2025 1784 Ibi
2039 1729 2123 1788 sunt
2144 1718 2281 1789 multae

252 1827 451 1921 occupabat
467 1825 539 1893 duo
556 1820 669 1911 signa.
721 1815 899 1887 Fortassis
915 1813 1042 1885 alludit
1063 1826 1169 1906 poeta
1194 1810 1241 1879 ad
1293 1840 1405 1889 venae
1427 1818 1585 1901 ferreae,
1622 1842 1665 1886 ex
1692 1815 1822 1910 quibus
1848 1814 1985 1887 eruitur
2014 1812 2178 1911 chalybs,
2212 1821 2280 1891 der

251 1933 371 2003 locum
403 1925 602 1997 nativitatis
632 1919 805 2012 Augusti,
847 1916 945 2012 quod
975 1919 1019 1991 Υ.
1036 1914 1080 1980 ὲ
1110 1914 1147 1985 in
1175 1907 1242 1983 ho·
1292 1915 1425 1990 Stahel.
1490 1918 1537 1987 Et
1560 1931 1612 1991 est
1635 1917 1849 2011 disputatio,
1890 1942 1937 1986 an
1962 1913 2106 2014 chalybs
2133 1920 2279 1992 differat

251 2056 405 2125 l'⁰⁸⁶⁰P0
419 2024 571 2119 Augusti
588 2024 732 2093 inventa
750 2021 815 2104 ⁸5¹2
847 2041 1067 2114 quamquam
1081 2016 1242 2088 ttribssssl
1291 2021 1407 2115 specie
1423 2020 1675 2113 specialissima
1691 2044 1713 2089 a
1727 2021 1843 2105 ferro,
1867 2043 1915 2089 an
1931 2043 2018 2091 vero
2032 2046 2129 2105 non,
2153 2021 2193 2092 id
2213 2036 2281 2109 est,

251 2159 335 2207 eum
351 2135 390 2203 iu
404 2131 615 2201 ascendente
639 2126 668 2196 ὅ
694 2121 871 2195 habuisse.
921 2119 974 2189 lta
988 2118 1110 2191 luisset
1132 2117 1176 2184 Q
1202 2118 1241 2185 in
1293 2150 1342 2195 an
1357 2150 1400 2195 ex
1413 2127 1541 2196 eodem
1563 2124 1683 2216 lapide
1699 2135 1900 2219 coquantur
1915 2124 2051 2195 serrum
2069 2138 2104 2195 et
2119 2118 2280 2220 chalybs.

250 2235 374 2307 medio
397 2232 518 2314 coelo,
545 2241 580 2298 et
602 2225 730 2319 procul
756 2223 865 2297 dubio
890 2220 1038 2314 insignis
1065 2221 1184 2316 aliqua
1202 2220 1241 2287 in
1291 2226 1368 2320 Ego
1385 2228 1508 2298 audivi
1525 2229 1569 2296 de
1585 2223 1653 2297 bac
1667 2250 1706 2296 re
1723 2226 1944 2319 disputantes
1963 2226 2099 2319 peritos
2122 2227 2281 2299 minera-

257 2363 300 2409 ea
318 2334 545 2417 coniunctio,
573 2331 671 2425 quod
691 2324 904 2419 significavit
930 2348 1012 2396 eum
1035 2323 1132 2415 pacis
1155 2323 1241 2391 arti·
1291 2332 1399 2415 lium,
1441 2331 1504 2426 qui
1524 2331 1704 2422 negabant
1725 2355 1769 2399 ex
1791 2332 1917 2400 eodem
1942 2329 2062 2421 lapide
2082 2343 2278 2425 utrumque

127 2488 130 2493 ·
253 2442 321 2513 bus
337 2437 526 2509 clariorem
543 2458 653 2527 quam
668 2431 762 2500 bello
779 2431 953 2500 futurum.
1005 2422 1162 2517 Erigone
1185 2424 1241 2494 di·
1264 2432 1268 2449 ¹
1292 2434 1476 2507 metallum
1508 2432 1605 2515 fieri,
1650 2432 1687 2501 id
1728 2432 1827 2527 quod
1865 2456 1930 2523 ego
1969 2431 2079 2503 etiam
2115 2431 2279 2503 animad-

253 2543 347 2615 citur
367 2564 441 2611 esse
462 2539 535 2606 tilia
552 2533 664 2617 Icari,
691 2531 753 2628 qui
776 2530 913 2623 primus
935 2522 1149 2598 monstravit
1167 2526 1240 2597 suis
1264 2454 1269 2609 i
1292 2548 1406 2611 verto,
1513 2534 1652 2625 Virosa]
1676 2534 1806 2618 idest,
1832 2547 2020 2608 venenata,

252 2645 359 2719 sociis
375 2642 511 2711 vinum.
561 2635 618 2707 Illi
631 2634 800 2705 inebriati
813 2657 893 2702 cum
910 2642 1079 2722 putarent
1095 2628 1241 2699 sibida-
1392 2637 1453 2709 νδ,
1480 2632 1543 2707 59,
1580 2638 1755 2729 omma]
1795 2635 1988 2728 bigerggyL
2093 2633 2276 2737 Mn]

253 2760 331 2819 mm
355 2769 429 2817 ²⁸⁵0
443 2765 642 2822 venenum,
668 2737 923 2806 interfecerunt
939 2730 1098 2814 Icarum,
1124 2742 1159 2800 01
1179 2731 1240 2800 ab·
1291 2739 1423 2833 Epirus
1446 2736 1556 2809 habet
1578 2762 1690 2833 equos
1724 2738 1903 2809 celeritate
1934 2749 2177 2827 praestantes,
2217 2740 2281 2832 qui

250 2848 344 2919 ΜΟ
379 2867 529 2937 c‘'fP0re
568 2842 643 2913 ⁰5⁰⁸
676 2840 715 2908 5¹¹
748 2833 976 2931 8θῘΗΙῙάΙῑῑΠΗ
1014 2833 1239 2925 aufugerunt·
1291 2844 1329 2913 in
1344 2840 1543 2936 Olympicis
1565 2840 1816 2911 certaminibus
1836 2839 1883 2909 ad
1903 2834 2034 2908 Eliden
2051 2837 2197 2909 vincere
2218 2864 2278 2911 so-

249 2948 382 3022 Postea
407 2946 505 3015 canis
533 2940 747 3013 monstravit
782 2938 875 3009 filiae
913 2938 1031 3007 locum
1060 2947 1097 3005 et
1123 2935 1240 3027 sepul·
1292 2946 1423 3017 lebam,
1489 2942 1643 3013 putatur
1672 2943 1780 3013 epam
1800 2936 1909 3012 bodie
1934 2939 2130 3035 plurimum
2153 2941 2276 3013 valere

251 3046 390 3123 chrum.
441 3047 597 3138 Propter
617 3042 687 3115 hoc
707 3053 791 3113 sunt
810 3038 975 3111 translati
999 3038 1094 3108 inter
1110 3036 1239 3109 sidera.
1290 3048 1448 3119 Albanos
1474 3044 1541 3141 (sic
1565 3046 1661 3117 enim
1675 3044 1845 3137 Epirotas
1861 3066 1957 3114 nunc
1975 3040 2123 3139 vocant)
2149 3041 2188 3110 in
2210 3068 2279 3137 pu,

98 3152 105 3165 ⁸
251 3154 336 3250 Quo
368 3148 604 3241 significatum
644 3157 697 3215 est
730 3167 797 3234 pro
822 3140 959 3213 meritis
985 3140 1139 3233 gratiam
1166 3164 1240 3212 esse
1291 3174 1360 3243 gna
1378 3150 1546 3246 equestri,

252 3253 485 3328 “ddendam·
665 3351 674 3368 ‚
766 3344 777 3361 ,
1190 3340 1239 3359 Η
1391 3268 1452 3340 Vs.
1473 3266 1535 3340 60.
1576 3271 1741 3339 continuo
1771 3267 1874 3359 leges]
1916 3261 2033 3337 Locus
2063 3264 2279 3337 communis.

352 3353 490 3474 v⁸2⁵93
515 3340 738 3443 mm]
764 3346 803 3463 ¹fl
819 3357 895 3463 ,δι’
921 3344 1151 3438 Quam‘lmm
1173 3343 1241 3412 ὼ
1291 3369 1407 3454 Deus,
1432 3371 1570 3465 inquit,
1594 3368 1777 3441 distribuit
1790 3370 1863 3439 alia
1883 3370 2000 3455 dona,
2025 3366 2097 3438 alia
2119 3390 2279 3437 commo·

252 3482 397 3556 qnoque
414 3458 619 3527 1ud1cantur
639 3473 714 3520 esse
738 3470 910 3530 mrurma,
936 3460 1057 3517 tamen
1080 3469 1156 3516 non
1179 3446 1241 3514 de·
1291 3476 1337 3545 da
1383 3472 1454 3541 ὠὴ
1469 3471 1640 3541 beneficia
1658 3452 1972 3563 aqffiregionibuy·

250 3562 406 3634 truderis
432 3561 478 3628 ad
498 3557 651 3637 inferos,
688 3553 750 3622 sed
777 3548 847 3619 eris
869 3574 963 3622 unus
986 3573 1029 3618 ex
1049 3546 1240 3631 Heroibus,
1346 3526 1358 3558 ’
1391 3573 1453 3644 vs·
1467 3573 1529 3645 gl·
1557 3571 1818 3672 mmm]
1846 3575 1935 3646 Post
1952 3573 2137 3644 diluvium·

251 3690 342 3759 quos
356 3661 424 3755 ipsi
439 3661 646 3739 coluerunt,
672 3655 764 3725 sicut
779 3676 846 3723 nos
862 3653 1012 3723 colimus
1027 3662 1181 3725 sanctos.
1391 3676 1453 3748 ps·
1469 3677 1531 3750 ⁶3·
1556 3681 1693 3749 Durum
1704 3673 1827 3776 mm]
1859 3677 2059 3747 finxerunt
2079 3668 2277 3745 domimi

352 3764 413 3836 V&
433 3762 500 3881 ‚43⁰
538 3768 621 3835 Vm
652 3753 755 3856 ΜΟ]
797 3754 963 3829 prunum
995 3766 1240 3847 Pffloel’fflm»
1290 3775 1457 3851 homines
1472 3804 1583 3872 genus
1596 3777 1797 3851 humanum
1814 3805 1857 3851 ex
1870 3779 2050 3871 lapidibus
2068 3785 2278 3869 reparatum

250 3868 395 3965 quand⁰
414 3878 460 3937 ⁸¹²
474 3866 663 3987 ³²³⁰‚dum‘
860 3962 869 3979 ,
1080 3957 1088 3974 ‚
1291 3906 1386 3968 esse,
1411 3896 1602 3977 propterea
1626 3884 1745 3977 quod,
1781 3908 1862 3954 cum
1887 3882 1985 3952 nulla
2006 3878 2120 3951 bestia
2143 3878 2191 3949 sit
2210 3872 2277 3947 ho-

351 3970 413 4041 νδ·
429 3965 492 4039 4⁸·
515 3968 582 4037 ΒΜ
602 3989 688 4059 ‘W
710 3956 830 4058 mim]
858 3963 895 4030 ¹d
920 3970 992 4040 ⁰⁸¹2
1028 3958 1090 4028 ὼ
1115 3969 1167 4027 ⁸⁸²
1187 3957 1240 4024 fa'
1290 3984 1388 4055 mine
1411 3985 1682 4067 aerumnosior,
1722 3985 1834 4077 possit
1852 3996 1975 4055 tamen
1994 3983 2171 4055 sustinere
2193 4002 2277 4050 eum

249 4084 305 4143 cta
322 4081 452 4166 quarta
477 4065 613 4149 aratio,
637 4065 757 4156 primo
783 4073 865 4153 post
889 4058 1107 4152 principium
1134 4056 1240 4140 veria,
1289 4098 1408 4159 qaum
1421 4085 1707 4176 calamitatum

248 4173 379 4242 deinde
395 4172 434 4239 in
449 4190 571 4237 mense
586 4162 704 4247 Iunio,
720 4160 828 4231 tertio
846 4160 885 4229 in
901 4172 1089 4243 autumno,
1109 4170 1239 4253 quarto

248 4275 290 4343 in
314 4273 384 4341 fine
406 4267 557 4363 hyemis.
674 4266 742 4336 Bis
759 4258 918 4360 frigora]
957 4258 1089 4331 scilicet
1114 4260 1152 4327 in
1177 4283 1240 4331 au·

252 4389 381 4447 tumno
397 4386 432 4442 et
448 4371 486 4440 in
504 4370 573 4440 fine
590 4364 742 4462 hyemis.
792 4364 946 4438 Discatis
961 4375 1080 4433 autem
1096 4361 1156 4432 illa
1180 4385 1239 4455 ge·

252 4475 390 4547 neralia
408 4476 453 4546 de
469 4471 708 4564 agricultura,
734 4467 819 4563 quia
837 4469 949 4539 multa
968 4462 1104 4535 hahent
1122 4460 1239 4557 philo·

252 4573 412 4672 sophica.
448 4574 491 4645 ln
506 4571 701 4646 Germania
720 4570 759 4641 in
775 4572 853 4642 solo
871 4567 1009 4663 pingui,
1028 4581 1068 4638 ut
1083 4570 1122 4636 in
1138 4563 1239 4639 Thu·

252 4682 369 4774 ringia
390 4692 446 4749 ter
465 4678 556 4749 solet
583 4673 700 4757 arari,
735 4686 770 4743 et
800 4671 949 4742 memini
974 4670 1069 4743 idem
1100 4671 1178 4740 lieri
1200 4671 1238 4738 in

250 4808 332 4855 mea
353 4782 483 4877 patria.
534 4777 576 4850 ln
596 4778 776 4873 plerisque
799 4776 907 4846 etiam
930 4772 1052 4846 ltaliae
1074 4773 1161 4844 locis
1183 4786 1238 4844 ter

251 4898 387 4957 aratur.
438 4884 508 4955 Sed
527 4880 668 4954 tenuius
683 4878 799 4951 solum
818 4886 881 4949 ¹aad
893 4877 948 4949 bis
970 4890 1112 4960 aratur,
1139 4888 1178 4947 ut
1199 4876 1238 4944 iu

251 4986 388 5078 Mysia,
413 4999 476 5058 aut
491 4985 621 5068 semei,
647 4995 688 5055 ut
704 4994 828 5055 nostra
844 5004 974 5060 arena;
1011 4979 1145 5071 pingue
1173 5001 1236 5048 au-

251 5100 346 5170 tem,
370 5099 411 5156 ut
434 5087 526 5170 dixi,
559 5100 632 5169 ter,
657 5085 767 5157 semel
789 5085 828 5152 in
851 5107 953 5164 vere,
979 5091 1103 5173 postea
1125 5078 1164 5149 in
1180 5077 1237 5151 Iu·

251 5189 335 5272 nio,
363 5189 469 5256 tertio
493 5201 576 5258 ante
600 5188 778 5258 sationem
801 5186 841 5255 in
863 5197 1049 5256 autumno.
1099 5177 1142 5249 In
1162 5180 1236 5250 ioe-

1393 4206 1455 4279 Vs.
1480 4206 1543 4279 64.
1583 4212 1715 4298 Pingue
1742 4203 1883 4304 solum]
1930 4204 2096 4275 Tertium
2132 4221 2275 4293 praece·

1290 4322 1412 4400 ptum,
1435 4308 1570 4401 pingue
1583 4311 1699 4380 solum
1713 4309 1892 4400 principio
1910 4308 2002 4379 veris
2017 4302 2273 4381 saturandum,

1290 4421 1412 4504 estque
1426 4410 1607 4480 conclusio
1618 4412 1771 4480 duorum
1790 4413 1965 4482 locorum.

1390 4527 1452 4599 Vs.
1476 4528 1537 4601 68.
1570 4526 1788 4629 masma]
1833 4529 1927 4599 Ante
1963 4528 2138 4601 sationem
2176 4517 2276 4589 circa

1290 4630 1556 4725 aequinoctium
1584 4634 1766 4717 autumni,
1792 4634 1938 4728 quarmo
1961 4633 2132 4701 Arcturus
2154 4620 2277 4693 oritur

1289 4732 1451 4804 cosmice.
1501 4734 1560 4805 Sic
1581 4733 1790 4807 Aristoteles
1805 4736 1858 4829 ¹⁰)
1885 4734 2021 4829 inquit:
2056 4728 2131 4802 Sub
2145 4728 2278 4798 Metu·

1288 4860 1369 4907 rum
1409 4848 1463 4907 est
1493 4839 1701 4909 concubitus
1740 4860 1956 4921 cervarum,
1996 4835 2034 4904 id
2067 4845 2140 4916 est,
2182 4829 2276 4899 circa

1289 4939 1556 5033 aequinoctium
1572 4941 1790 5011 autumnale.

252 5288 478 5362 cundissimis
491 5290 703 5384 quibusdam
719 5288 844 5358 ltaliae
859 5286 945 5358 locis
963 5294 1089 5376 quater
1101 5294 1236 5356 aratur.
1324 5258 1682 5392 ”ggffiffifflug
1694 5248 2279 5381 fflffmlssffioffiflgffioffi

250 5391 430 5464 Hesiodus
444 5390 552 5462 etiam
570 5404 711 5462 tantum
727 5390 818 5461 duas
832 5389 937 5483 ponit
953 5385 1145 5469 arationes,
1170 5383 1236 5455 sic·
1356 5410 1440 5460 som
1456 5402 1548 5449 aneu
1565 5395 1706 5447 emanere
1722 5398 1895 5447 remeantes
1911 5393 2091 5444 ostentum

249 5507 290 5565 ui
313 5493 455 5587 Myania
479 5507 601 5566 nostra
623 5506 659 5563 el
681 5489 871 5562 Pannonia
895 5500 1035 5562 tantum
1059 5491 1149 5561 (itm
1172 5482 1236 5558 ha·
1321 5515 1598 5575 mmmm,
1618 5507 2159 5578 n13t,2n1my‚v‚0‚1q,smu0f‚
