4762 6008
281 245 328 314 Μ
860 221 985 298 nau.
1015 223 1131 300 aaa.
1161 224 1363 300 scauri
1393 221 1728 300 rnuonocron
1877 224 1880 231 ·
1958 268 1961 275 -
2261 235 2310 306 aa

336 412 460 502 Turpe
474 427 560 477 sane
575 411 625 473 est
641 397 780 470 ebrium
796 397 893 487 apud
907 394 1004 466 viros
1018 395 1157 467 sobrios
1181 420 1272 477 esse;
1375 395 1421 466 Et
1434 398 1551 466 facere
1564 420 1649 487 sane
1670 396 1826 491 aliquid:
1862 410 1898 467 et
1921 423 1963 469 ex
1984 402 2079 472 malo
2102 403 2237 473 bonum
2259 402 2310 471 fa·

388 512 512 600 Turpe
528 527 633 586 vero,
657 502 687 572 si
702 494 842 571 sobrius
858 497 954 588 apud
971 497 1089 569 ebrios
1102 512 1258 571 maneat.
1734 509 1830 568 ctum
1848 513 1920 583 est,

338 617 513 689 pubertas
544 619 579 676 et
607 599 845 674 adolescentia
874 599 1030 669 allevant
1042 595 1091 697 ⁸¹)
1118 613 1273 670 mentem
1425 598 1473 669 Et
1488 603 1621 673 malum
1635 625 1678 671 ex
1691 601 1809 682 bono,
1835 614 1871 671 et
1883 623 2023 694 pauper
2035 602 2092 671 sir
2177 632 2181 639 ¹

693 701 780 777 viri;
1377 701 1503 771 Statim
1522 701 1832 774 vaideditavitaee
1859 705 1970 798 etqui
1993 703 2095 774 vaide
2118 703 2229 772 muita
2256 726 2314 772 ac-

287 827 363 899 660
389 816 588 889 Multorum
602 830 688 876 vero
703 802 805 871 effert
820 801 982 873 animum
999 802 1037 871 in
1054 825 1225 874 errorem.
1732 803 1877 897 quisivit

341 921 409 995 Cui
433 938 508 988 non
533 909 645 982 animi
667 902 814 975 libidine
838 903 969 974 fortior
989 915 1040 976 est
1063 929 1184 989 mens,
1217 906 1276 976 tue
1429 902 1649 995 Derepente,
1688 904 1810 974 omnia
1843 908 2002 998 profecto
2033 905 2189 998 perdidit
2209 919 2313 977 nocte

696 1028 836 1097 semper
853 1005 892 1097 in
908 1005 1029 1088 noxis,
1728 1029 1813 1076 una.

392 1125 528 1216 cyrne,
553 1124 589 1182 et
601 1107 741 1200 magnis
756 1118 919 1178 versatur
936 1107 975 1176 in
992 1107 1185 1178 erroribus.
1328 1103 1474 1179 665111
1500 1106 1641 1198 sapiens
1670 1107 1849 1198 peccavit,
1888 1121 1923 1178 et
1952 1108 2180 1199 insipientem
2209 1130 2314 1199 saepe

342 1222 510 1300 consulta
534 1214 587 1284 bis
612 1224 647 1282 et
669 1222 744 1293 ter,
777 1211 875 1303 quod
897 1208 962 1280 tibi
981 1209 1021 1277 in
1040 1221 1195 1279 mentem
1219 1232 1278 1278 ve·
1735 1208 1849 1301 gloria

703 1311 816 1388 nerit;
857 1334 865 1351 ⁴
1431 1311 1555 1381 Secuta
1586 1324 1657 1393 est,
1697 1324 1733 1382 et
1759 1305 1955 1392 honorem,
1995 1310 2100 1379 etiam
2123 1317 2182 1406 pai
2200 1312 2316 1382 malus

391 1428 537 1500 Nocuus
551 1415 646 1486 enim
664 1415 824 1503 proiecto
839 1434 1008 1505 praeceps
1021 1412 1077 1481 vir
1091 1423 1153 1482 est.
1738 1423 1831 1494 erat,
1858 1411 2006 1482 invenit.

292 1529 367 1609 635
391 1527 499 1594 Viros
516 1522 630 1589 bonos
642 1513 803 1608 sequitur
815 1513 1003 1584 eonsilium
1020 1527 1055 1584 et
1071 1515 1208 1605 pudor,
1378 1514 1416 1586 si
1443 1513 1588 1607 quidem
1607 1537 1692 1604 opes
1712 1509 1902 1593 haberem,
1928 1513 2169 1598 oSimonida,
2195 1514 2316 1608 quales

393 1624 466 1723 Qui
482 1644 578 1691 nunc
592 1618 685 1686 inter
700 1615 831 1686 mutos
848 1639 886 1683 re
903 1639 987 1683 vera
1003 1626 1083 1686 sant
1099 1615 1215 1706 pauci.
1531 1696 1537 1707 .
1740 1612 1845 1695 novi,
1896 1676 1899 1683 .

346 1736 433 1827 Spes
447 1739 483 1798 et
498 1720 696 1815 periculum
713 1717 807 1785 inter
822 1711 987 1787 homines
998 1727 1079 1788 sant
1091 1716 1241 1795 similes;
1433 1714 1515 1786 Non
1532 1738 1670 1805 possem
1686 1714 1769 1805 angi
1785 1712 1889 1784 bonis
1906 1714 2155 1804 congrediens;

395 1832 460 1902 illa
475 1826 571 1897 enim
587 1819 709 1912 gravia
725 1830 808 1888 sunt
826 1819 995 1900 numina,
1022 1830 1213 1911 utrumque
1221 1817 1281 1913 ⁶¹)
1384 1816 1495 1889 Nunc·
1521 1828 1639 1885 autem
1674 1839 1731 1885 me
1765 1827 2034 1906 cognoscentem
2069 1825 2317 1906 praetereunt;

350 1940 462 2026 Saepe
475 1937 618 2020 praeter
631 1919 839 2013 opinionem
857 1933 893 1989 et
910 1944 1010 2011 spem
1034 1919 1208 2011 contingit
1229 1920 1284 1987 in·
1742 1941 1821 1989 sum
1839 1939 1926 1986 vero
1939 1929 2059 1986 mutus

705 2021 826 2091 venire
899 2088 905 2096 ,
1335 2020 1411 2095 670
1436 2020 1594 2113 Opibus,
1621 2019 1742 2090 multis
1760 2019 1872 2091 sciens
1888 2018 1970 2087 licet
1986 2018 2113 2089 melius
2126 2012 2254 2086 adhuc.

297 2128 661 2223 emanaturum
687 2121 845 2193 consiliis
858 2144 944 2191 vero
959 2144 1034 2190 non
1051 2121 1144 2192 inest
1156 2120 1247 2190 finis.
1385 2124 1507 2215 Quare
1522 2146 1617 2192 nunc
1632 2123 1801 2204 ferimur,
1827 2120 1913 2190 velis
1929 2120 2016 2190 albis
2033 2120 2209 2211 expassis,

260 2247 267 2270 ⁸
349 2243 433 2317 Non
448 2255 533 2307 sene
553 2226 714 2300 molestia
736 2224 844 2294 afficit
864 2222 955 2293 ullus
979 2247 1094 2316 neque
1116 2222 1284 2305 amicum,
1438 2221 1546 2292 Melio
1562 2249 1602 2293 ex
1619 2236 1731 2316 ponto
1746 2234 1885 2292 noctem
1904 2245 1967 2315 per
1983 2223 2218 2293 tenebrosam.

704 2350 820 2420 neque
834 2324 1038 2407 inimicum,
1386 2321 1584 2395 Exhaurire
1600 2339 1718 2395 autem
1736 2329 1904 2397 sentinam
1918 2348 1992 2394 non
2007 2325 2150 2401 volunt3
2177 2331 2322 2411 superat

400 2438 478 2517 Nisi
494 2433 623 2508 seriam
637 2455 715 2500 rem
732 2426 972 2521 consequaris.
1092 2426 1095 2431 ’
1747 2438 1865 2496 autem
1887 2451 1985 2495 mare

350 2544 457 2618 Multi
469 2538 566 2631 apud
583 2545 757 2604 craterem
774 2529 880 2599 amici
897 2540 980 2598 sunt
995 2526 1151 2605 sodales;
1441 2528 1643 2622 Utrumque
1671 2528 1772 2598 naris
1795 2528 1905 2612 latus,
1948 2527 2009 2596 ubi
2031 2527 2132 2594 valde
2156 2521 2236 2616 quis
2256 2520 2322 2588 dii-

400 2645 443 2715 ln
457 2653 576 2712 autem
590 2635 683 2708 seria
700 2657 739 2703 re
754 2630 951 2724 pauciores.
1747 2629 1837 2696 sicile

303 2748 378 2828 646
402 2749 542 2818 Paucos
558 2748 739 2828 curatores
755 2735 874 2804 fideles
889 2730 1049 2802 invenias
1063 2730 1215 2809 amicos,
1339 2726 1413 2802 676
1438 2729 1625 2806 Servatum
1652 2728 1704 2796 illi
1721 2751 1806 2795 vero
1821 2725 2023 2794 dormiunt:
2049 2727 2322 2814 gubernatorem

401 2845 543 2921 Positus
560 2841 598 2911 in
614 2861 744 2930 magna
757 2835 870 2905 animi
887 2835 1075 2904 anxietate.
1753 2827 1898 2920 quidem
1917 2827 2075 2911 iecerunt
2094 2825 2272 2920 maiescere

349 2954 425 3024 lam
440 2969 536 3019 nunc
549 2944 667 3035 pudor
683 2940 828 3030 quidem
844 2938 937 3002 inter
951 2928 1116 3000 homines
1130 2926 1256 3019 periit,
1439 2931 1583 3001 Bonuru
1605 2952 1710 3013 sane,
1736 2929 1798 3022 qui
1814 2927 2012 2998 custodiam
2028 2920 2182 2994 habebat
2199 2925 2324 3016 perite.

401 3052 472 3123 Sed
489 3038 711 3135 impudentia
728 3050 861 3104 terram
880 3031 1053 3103 circumit.
1390 3033 1487 3126 Opes
1502 3044 1622 3104 autern
1638 3030 1785 3123 rapiunt
1799 3030 1852 3110 vi;
1877 3031 1987 3099 decor
2001 3051 2086 3097 vero
2102 3027 2221 3119 periit.

353 3157 435 3226 Heu
451 3146 614 3238 improba
633 3150 842 3233 paupertas,
876 3159 939 3207 cur
962 3133 1049 3207 meis
1074 3131 1289 3203 decumbens
1442 3134 1581 3205 Divisio
1599 3146 1717 3205 autem
1736 3156 1811 3202 non
1829 3132 1982 3224 amplius
1999 3132 2038 3200 fit
2051 3131 2090 3198 in
2104 3128 2273 3198 medinm.

716 3236 874 3308 berneris
1388 3236 1508 3307 Baiuli
1520 3260 1605 3306 vero
1623 3237 1813 3329 imperant,
1839 3236 1924 3304 maii
1941 3247 2181 3323 autemsuper
2193 3231 2324 3299 bonos:

302 3356 378 3434 650
404 3354 544 3442 Corpus
559 3346 746 3433 deturpas,
773 3352 807 3408 ei
823 3350 977 3408 mentem
995 3332 1181 3421 immam?
1342 3339 1417 3410 660
1443 3339 1592 3422 Timeo,
1624 3362 1670 3408 ne
1703 3362 1775 3432 quo
1812 3339 1920 3407 modo
1951 3361 2079 3405 navem
2108 3334 2234 3404 fluctus
2264 3333 2325 3400 ab·

353 3453 492 3546 Turpia
509 3449 629 3519 eutem
651 3467 708 3513 me
730 3465 806 3511 non
827 3442 1005 3511 volentem
1030 3435 1085 3518 vi,
1119 3446 1155 3503 et
1177 3433 1289 3503 multa
1703 3488 1706 3492 .
1749 3440 1902 3510 sorbeat,

710 3547 834 3625 doces,
1390 3538 1486 3611 Haec
1518 3538 1606 3610 mihi
1640 3540 1872 3633 aenigmatice
1904 3541 1997 3610 dieta
2039 3539 2137 3619 sint,
2188 3533 2326 3604 occulta

401 3658 505 3727 Bona
520 3654 566 3720 ab
583 3646 791 3720 hominibus
803 3656 840 3713 et
853 3637 1002 3724 honesta
1019 3635 1210 3707 edoctum?
1748 3644 1889 3736 probis;

349 3763 482 3831 Beatus
495 3754 582 3838 sim,
609 3765 645 3821 et
658 3749 737 3819 Diis
751 3742 880 3817 chnut
895 3740 1178 3823 imm0rttlibu³2
1442 3743 1663 3837 Cognoscere
1680 3758 1797 3817 autem
1814 3756 1931 3838 potest
1947 3741 2027 3835 quis
2049 3741 2155 3809 etiarn
2176 3738 2328 3821 malurn,

403 3860 540 3952 Cyrne,
566 3854 735 3923 virtutem
753 3872 839 3919 vero
855 3846 963 3917 aliam
979 3843 1118 3914 nullam
1133 3864 1228 3912 arno.
1380 3889 1385 3898 -
1753 3848 1783 3918 si
1798 3846 1939 3937 sapiens
1953 3845 2009 3914 sit.

305 3959 379 4035 655
405 3962 562 4041 Tecum,
612 3955 751 4045 cyme,
800 3949 926 4020 affecto
959 3947 1051 4016 male
1086 3967 1290 4014 moeremus
1392 3947 1499 4019 Multi
1512 3949 1654 4021 divitias
1669 3946 1803 4020 habent
1821 3946 1998 4040 impetitu
2037 3943 2099 4013 alii
2120 3953 2239 4010 autem
2262 3934 2328 4007 bo-

404 4161 475 4231 sed
503 4179 588 4228 sane
621 4074 892 4242 atienffifnaiit'or
919 4144 1016 4215 diem
1044 4165 1158 4212 unum
1184 4144 1291 4211 durat
1444 4152 1651 4243 Quaerunt,
1676 4064 1953 4242 μὸἔεῑΐμωῑ
1967 4154 2188 4238 paupertare,

711 4262 863 4322 tanturn.
1342 4249 1416 4324 686
1431 4252 1562 4321 Facere
1575 4264 1693 4322 autem
1709 4249 1921 4345 utrisque“)
1933 4245 2121 4318 difficultas
2135 4237 2328 4319 incombitt

352 4362 452 4437 Nihil
466 4359 573 4428 nimis
587 4354 789 4426 difficilibus
802 4345 1020 4468 contristeris
1034 4357 1203 4426 mentem,
1229 4368 1290 4413 ¹¹0·
1441 4348 1641 4423 Prohibent
1657 4355 1751 4424 enim
1767 4349 1833 4423 hos
1850 4351 1994 4446 quidem
2011 4370 2117 4436 opes,
2142 4343 2223 4410 illos
2240 4364 2327 4409 vero

402 4563 550 4644 Gaude,
575 4457 1036 4654 quoniaiiilisi'itilrliomnia
1049 4549 1143 4627 ferre
1157 4546 1256 4618 boni.
1390 4553 1473 4625 Non
1494 4555 1576 4627 licet
1597 4478 1997 4630 momtiisnuesntdvereus
2019 4543 2329 4633 immortalestpu·

352 4668 477 4762 Neque
505 4664 623 4733 iurare
653 4669 796 4752 oportet
819 4651 888 4726 hoc
912 4649 1068 4746 aliquid:
1101 4672 1288 4744 nunquam
1749 4682 1879 4751 gnare,

710 4754 870 4833 cethaee
887 4754 973 4832 erin
1442 4759 1566 4854 Neque
1582 4765 1622 4831 in
1637 4761 1692 4832 ius
1708 4784 1852 4832 vocare:
1887 4751 2024 4833 nemini
2039 4746 2109 4819 hoe
2123 4749 2176 4817 fas
2187 4755 2248 4814 est.

302 4873 377 4944 666
401 4868 464 4941 Dii
478 4863 610 4937 ete'ni'm
626 4865 799 4945 oderunt,
824 4858 954 4954 quibus
969 4834 1178 4926 aden'finia
1250 4901 1252 4907 .
1390 4860 1473 4931 Non
1504 4874 1645 4951 oportet
1669 4885 1831 4954 pascere,
1876 4856 1972 4953 quod
1999 4875 2074 4922 non
2109 4847 2326 4942 pascendum

1742 4961 1870 5032 fuerit:

336 5172 385 5230 61)
403 5167 541 5224 allevent]
566 5164 608 5214 uie
633 5163 718 5212 natet.
741 5161 833 5219 1661,
857 5156 951 5215 lm,
977 5152 1069 5214 1670.;
1104 5149 1187 5199 lidii&
1205 5145 1290 5212 iffi,

372 5236 464 5298 lm,
483 5231 558 5281 1681.
575 5231 680 5280 allevet
697 5229 745 5294 (=
763 5229 882 5288 rumen.
900 5219 1095 5286 transpicit).

333 5317 1086 5467 ”tsttssttt?,“tit.'1¹dffssidt⁶ttttd“
1098 5316 1185 5380 Μ’
1204 5314 1291 5379 Μ’
1371 5291 2218 5441 111111111111ὤ11κ1ῖι111ἶ113711111111111υις111
2238 5289 2326 5356 Μ’
