4754 6014
173 328 251 407 ⁷1⁵

175 504 362 598 magnifice
384 503 427 570 de
452 524 489 569 se
511 498 670 568 sentiunt
693 519 734 565 ac
760 496 984 587 praedicant:
1028 497 1161 591 ubique

176 608 291 678 videri
306 606 433 673 volunt
447 621 615 692 regnare,
649 600 688 666 in
712 598 824 680 aulis,
854 598 894 666 in
915 597 1091 682 consiliis,
1124 599 1163 666 in

177 713 283 781 rebus
307 705 472 775 omnibus
495 701 677 793 gerendis,
720 699 930 793 praesertim
953 700 1016 769 ubi
1037 724 1074 770 se
1097 724 1162 791 pu-

177 825 254 882 tant
271 812 306 877 in
326 820 403 876 tuto
421 829 506 876 csse.

276 944 322 1012 lli
340 945 376 1011 in
391 940 540 1035 privatis
562 938 713 1030 negotiis
738 937 879 1007 ridiculi
904 950 1014 1020 sunt,
1039 949 1080 1007 ut
1103 932 1162 1005 hic

175 1053 212 1119 in
232 1048 351 1117 sabula
369 1041 531 1125 Thraso,
561 1054 597 1111 et
612 1043 706 1132 apud
725 1040 892 1110 Plautum
908 1040 1012 1109 Miles
1030 1039 1161 1130 glorio-

175 1177 253 1227 sus;
287 1150 349 1218 sed
375 1150 412 1215 in
437 1144 618 1236 republica
638 1145 828 1237 siquando
845 1143 1045 1233 imperant,
1081 1166 1161 1233 per·

174 1251 321 1332 niciosi,
349 1263 383 1318 et
407 1260 555 1340 propter
577 1246 785 1326 stultitiam,
823 1258 857 1313 et
877 1256 1026 1335 propter
1048 1244 1161 1311 ambi·

174 1356 332 1435 tionem,
359 1351 473 1444 qualis
488 1350 749 1440 propemodum
771 1346 877 1416 luisse
891 1346 1071 1414 Antonius
1087 1345 1159 1413 tto-

172 1481 253 1526 mae
276 1454 437 1535 videtur,
483 1464 517 1519 et
538 1451 661 1544 quales
684 1472 779 1518 nunc
800 1459 953 1540 regnant
977 1447 1081 1517 multi
1107 1447 1160 1515 in·

173 1560 268 1628 docti
304 1569 339 1624 et
365 1556 590 1644 impudentes
621 1548 785 1621 homines
815 1550 852 1617 in
880 1549 1022 1639 templis
1059 1562 1094 1617 et
1121 1549 1159 1615 in

172 1659 416 1730 concionibus.

276 1794 399 1887 ltaque
416 1792 604 1880 diligenter
622 1786 680 1858 hic
697 1790 962 1879 cognoscendus
978 1799 1028 1855 est
1042 1782 1158 1854 Thra-

173 1924 233 1981 so,
273 1910 314 1966 ut
343 1895 458 1964 odisse
484 1892 727 1982 arrogantiam
760 1916 801 1959 ac
826 1889 1020 1957 vanitatem
1046 1887 1158 1959 disca-

171 2025 262 2070 mus.
328 1997 465 2065 Rivalis
495 1991 694 2064 Thrasonis
721 1993 866 2084 lingitur
896 1991 1040 2079 ingenio
1072 1990 1159 2059 satis

172 2107 270 2172 bono
286 2124 382 2181 esse,
408 2101 469 2168 sed
496 2096 544 2163 ita
568 2096 778 2164 immutatus
797 2116 920 2161 amore
941 2091 1158 2174 meretricio,

170 2216 304 2279 utnon
323 2220 535 2288 cognoscas,
564 2196 702 2289 iuquit,
737 2196 889 2263 eundem
915 2216 1000 2263 esse.
1060 2191 1158 2286 Quid

172 2315 292 2372 autem
326 2299 465 2389 turpius
499 2308 571 2378 est,
613 2321 721 2389 quam
746 2296 794 2364 ita
817 2295 912 2363 vinci
938 2318 1080 2377 amore,
1118 2307 1159 2364 ut

172 2404 275 2499 quasi
290 2414 456 2472 naturam
471 2410 632 2469 nostram
657 2397 791 2469 exuisse
817 2397 1028 2468 videamur?
1086 2396 1157 2467 Sed

169 2504 279 2577 babet
293 2504 428 2596 primas
438 2498 579 2570 Thraso
594 2500 632 2568 in
650 2497 718 2570 hac
734 2500 866 2583 labala,
894 2499 952 2570 cui
967 2499 1156 2568 ideoGna·

170 2605 318 2678 thonem
335 2606 455 2688 addit,
481 2617 520 2672 ut
534 2604 672 2673 fatuum
691 2615 725 2671 et
740 2601 912 2672 insulsum
936 2602 1156 2670 ardelioncm

171 2710 300 2780 elarius
317 2708 542 2799 depingeret,
567 2704 781 2796 exagitatum
801 2716 836 2772 et
854 2703 1009 2774 derisum
1034 2705 1080 2772 ab
1103 2728 1156 2774 as·

169 2823 362 2884 scutatore.
428 2808 476 2878 Et
508 2806 592 2902 quia
626 2806 728 2900 quasi
761 2805 901 2898 gemina
935 2807 1054 2876 sabula
1085 2818 1156 2889 est,

166 2916 411 2987 discernamus
426 2909 583 3004 pericula
601 2922 637 2979 et
653 2908 766 2980 exitus
780 2908 965 3003 utriusque
981 2907 1104 3000 partis.

270 3047 430 3120 Protesis
447 3058 520 3117 est:
545 3042 678 3131 Thais,
703 3056 744 3115 ut
765 3057 975 3139 extorqueat
997 3068 1016 3113 a
1040 3043 1155 3113 milite

168 3153 324 3246 puellam
340 3151 467 3232 civem,
494 3148 672 3240 promittit
687 3147 718 3216 ei
733 3171 769 3216 se
784 3149 941 3217 futuram
960 3149 1055 3238 apud
1073 3171 1154 3216 eum

168 3254 309 3346 aliquot
336 3251 429 3327 dies;
471 3249 580 3341 idque
607 3261 649 3317 ut
678 3251 848 3319 concedat
867 3245 1065 3332 Phaedria,
1096 3248 1155 3317 vix

167 3357 314 3425 tandem
332 3352 557 3442 impetratur.
608 3349 693 3417 Fuit
710 3348 803 3417 enim
822 3350 945 3420 rivalis
970 3351 1155 3422 addendus

166 3452 350 3527 Thrasoni
366 3452 567 3544 potentior,
592 3464 631 3520 ut
647 3451 727 3541 plus
743 3463 833 3520 esset
857 3452 894 3518 in
917 3452 1036 3521 fabula
1061 3452 1154 3543 peri-

167 3561 329 3630 culorum
346 3568 381 3624 et
393 3552 586 3623 varietatis.
1178 3605 1183 3729 q

266 3690 422 3786 Epitasis
447 3703 513 3764 est:
550 3690 641 3760 Cum
667 3691 711 3759 ad
737 3687 884 3759 militem
910 3688 1008 3759 venit
1029 3686 1153 3772 Thais,

165 3797 313 3871 accersit
329 3798 476 3865 fratrem
500 3791 660 3885 puellae,
694 3805 733 3861 ut
757 3818 838 3863 eum
857 3794 907 3862 'de
933 3816 1057 3862 sorore
1081 3815 1153 3860 cer·

165 3902 294 3973 tiorem
310 3899 448 3968 reddat.
500 3890 665 3977 Thraso,
686 3893 768 3988 quia
790 3908 894 3985 putat
914 3893 982 3965 sibi
1003 3891 1153 3963 rivalem

165 3984 380 4082 adductum,
406 3990 662 4070 stomachatur.
697 3996 818 4090 Quare
834 3996 983 4067 discedit
997 3998 1042 4065 ab
1060 3995 1153 4065 irato

164 4102 291 4177 Thais.
349 4102 399 4171 lbi
417 4099 512 4171 redit
527 4099 628 4169 miles
651 4111 896 4191 oppugnatum
922 4100 1025 4168 aedes
1043 4092 1153 4166 Thai-

166 4207 241 4289 dis,
268 4229 398 4295 maguo
415 4228 494 4273 cum
512 4201 679 4271 tumultu.

269 4334 671 4431 Catastropheridicule
695 4351 765 4408 est:
800 4337 941 4408 Omissa
969 4359 1153 4428 oppugna-

165 4444 286 4527 tione,
308 4437 453 4511 Thraso
463 4443 504 4510 fis
518 4438 667 4533 supplex
679 4436 833 4523 Thaidi,
859 4452 895 4509 et
906 4434 1054 4509 Gnatho
1071 4463 1153 4509 eum

164 4546 217 4617 ita
241 4544 411 4617 describit
435 4538 657 4624 Phaedriae,
699 4554 740 4611 ut
768 4542 798 4612 is
821 4541 996 4632 intelligat
1017 4541 1086 4611 sibi
1108 4542 1153 4612 ab

165 4645 235 4720 hoc
251 4648 357 4719 rivali
375 4642 466 4716 nihil
484 4669 557 4717 esse
579 4644 740 4738 periculi.
800 4645 921 4736 Quare
939 4645 988 4715 sic
1007 4644 1155 4715 discedit

778 322 900 396 Petu..
935 323 1047 397 MEL.
1082 325 1286 400 SCRIPTA
1317 326 1652 403 PlllLOLOGlCA.

1377 498 1604 592 Prologus
1629 501 1672 569 in
1698 500 1965 573 Eunuchum
1984 505 2043 599 Ιἵ).

1263 630 1409 702 Salvere
1424 634 1530 704 iubeo
1547 647 1765 726 spectatores
1781 637 1958 728 optimos,

1265 732 1338 823 Qui
1354 759 1479 804 scenae
1495 738 1678 806 ornandae
1695 738 1897 810 confluxere
1918 743 2053 833 gratia,

1264 834 1405 905 Favore
1421 851 1544 908 nostra
1561 839 1677 909 studia
1694 853 1734 908 ut
1749 842 1902 911 excitent
1912 869 2000 928 suo,

1264 936 1440 1031 Artesquc
1456 935 1624 1011 honestas
1641 953 1676 1010 et
1686 942 1840 1034 benigne
1856 944 2081 1036 provehant,

1264 1040 1539 1135 Autoritateque
1556 1056 1595 1112 ut
1613 1056 1781 1113 tueantur
1796 1042 1891 1116 hunc
1906 1070 2070 1143 gregem,

1268 1140 1343 1232 Qui
1361 1143 1519 1215 scenicos
1533 1145 1637 1215 ludos
1654 1147 1830 1216 industria
1845 1173 1910 1219 sua

1262 1240 1434 1314 Instruxit
1449 1242 1517 1316 hac
1533 1248 1571 1316 iu
1586 1249 1673 1317 urbe
1689 1248 1847 1339 primus,
1872 1263 1912 1320 ut
1927 1253 2015 1324 iocis

1262 1344 1475 1440 Salibusque
1489 1363 1683 1443 personent
1698 1347 1784 1421 haec
1797 1352 1936 1445 pulpita
1953 1352 2103 1441 Atticis,

1263 1445 1312 1515 Et
1328 1449 1501 1523 barbaros
1519 1453 1661 1544 plorare
1677 1453 1798 1536 iussit,
1825 1455 1962 1527 fabulas

1263 1547 1400 1620 Efferre
1419 1554 1480 1645 qui
1498 1556 1666 1623 vetabant
1680 1555 1718 1622 in
1730 1559 1979 1648 proscenium,

1263 1651 1366 1743 Quae
1381 1654 1547 1726 cultiores
1565 1656 1733 1726 iuvenum
1748 1682 1867 1729 mores
1885 1662 2088 1736 redderent.

1262 1752 1518 1825 Terentianum
1537 1782 1682 1848 agemus
1697 1757 1913 1830 Eunuchum
1931 1767 2058 1847 modo,

1262 1855 1366 1946 Quae
1379 1857 1517 1930 fabulas
1529 1860 1677 1930 Latinas
1692 1861 1804 1930 vincit
1819 1876 1976 1936 caeteras
2084 1946 2087 1951 ¹

1262 1958 1446 2030 Sermonis
1462 1963 1637 2054 elegantia
1656 1975 1689 2031 et
1704 1964 1860 2048 facetiis,

1259 2058 1326 2128 Vel
1342 2060 1418 2152 ipse
1432 2089 1520 2156 quas
1536 2065 1681 2134 Momus
1698 2065 1848 2136 miretur
1864 2092 1904 2137 ac
1917 2070 2066 2160 probem

1261 2159 1398 2256 llloque
1414 2167 1546 2236 sentiat
1558 2166 1687 2237 tinctas
1701 2169 1793 2250 sale,
1817 2192 1885 2262 quo
1901 2181 2013 2241 satam

1260 2264 1438 2335 Amorum
1454 2281 1489 2337 et
1503 2268 1751 2338 illecebrarum
1770 2282 1918 2339 matrem
1932 2273 2098 2343 omniurn

1260 2366 1436 2436 Venerem
1450 2371 1582 2441 ferunt.
1633 2368 1702 2440 Sed
1717 2396 1909 2463 corrugare
1924 2374 2070 2445 tetricos

1261 2467 1447 2562 Quosdam
1462 2472 1589 2543 videtis
1605 2496 1730 2557 nares,
1756 2475 2004 2546 immodestiae

1258 2570 1306 2639 Ili
1322 2594 1390 2642 nos
1398 2570 1444 2668 ¹⁸)
1461 2588 1647 2659 accusant,
1672 2575 1711 2643 in
1726 2573 1907 2647 theatrum
1927 2579 2027 2675 quod
2042 2578 2142 2650 iocos

1259 2672 1428 2743 Proicere
1444 2678 1631 2748 liberiores
1645 2680 1754 2770 paulo
1771 2679 1848 2750 ausi
1866 2705 2011 2765 sumus,

1258 2774 1452 2871 Macesque
1467 2780 1705 2850 criminantur
1718 2781 1839 2850 vitiari
1852 2782 1968 2855 bonos

1258 2875 1395 2947 Parum
1412 2883 1543 2955 severis
1557 2881 1659 2952 dictis
1674 2872 1780 2976 atqbe
1794 2883 1940 2956 lusibus.

1259 2978 1329 3050 Sed
1346 3005 1368 3050 o
1385 3006 1546 3057 censores
1564 3008 1709 3077 asperos
1724 2998 1759 3054 et
1774 3010 1986 3079 pergraves,

1258 3079 1351 3174 Qui,
1393 3090 1490 3178 quod
1514 3082 1781 3181 reprehendunt
1805 3090 1843 3157 in
1865 3085 2029 3172 theatro,
2071 3092 2190 3165 tudun*

1617 3190 1736 3273 domi,

1258 3283 1306 3355 Et
1322 3285 1449 3359 Curios
1464 3286 1654 3376 simulant,
1677 3291 1804 3363 vivunt
1818 3288 2076 3367 Bacchanalia.

1259 3386 1407 3459 Ludunt
1422 3403 1568 3482 poetae;
1594 3405 1632 3463 at
1644 3394 1741 3465 lusus
1760 3395 1812 3464 illi
1828 3395 1920 3465 seria

1257 3488 1422 3575 Ducunt,
1449 3493 1625 3588 simulque
1641 3521 1783 3567 morum
1803 3500 1952 3568 tradunt
1968 3498 2112 3590 optima

1257 3590 1361 3662 Vitae
1376 3610 1585 3689 praecepta,
1609 3609 1649 3667 ut
1663 3595 1755 3667 nihil
1771 3599 1897 3670 melius
1912 3599 2028 3669 Solon

1257 3691 1332 3764 Aut
1345 3698 1500 3767 sanctius
1514 3699 1644 3773 tabulis
1659 3701 1880 3793 inscripserit
1894 3703 2034 3782 aeneis;

1255 3795 1326 3866 Sed
1342 3822 1503 3891 asperam
1520 3814 1641 3872 tamen
1657 3805 1824 3873 virtutem
1842 3805 2017 3876 condiunt

1256 3899 1530 3974 Iucundioribus
1543 3904 1737 3990 illecebris,
1763 3918 1804 3976 ut
1819 3907 1936 3978 solent

1258 4003 1410 4087 Medici,
1437 4006 1557 4077 daturi
1572 4008 1691 4099 pueris
1707 4021 1798 4077 tetra
1814 4004 2026 4104 absynthia,

1257 4105 1349 4177 Cum
1365 4105 1470 4179 melle
1489 4107 1584 4179 dulci
1601 4122 1637 4179 et
1649 4106 1817 4182 saccharo
1834 4110 1981 4181 irritant
1997 4112 2137 4203 gulam.

1256 4206 1449 4281 Facessant
1464 4235 1549 4303 ergo
1564 4212 1680 4307 iniqui
1696 4214 1846 4286 audaces
1861 4209 1945 4283 hinc
1961 4216 2116 4306 procul,

1255 4310 1307 4380 Ut
1322 4312 1551 4407 aequioribus
1563 4316 1745 4407 spectandi
1761 4319 1847 4386 dent
1861 4317 1992 4386 locum.

1255 4411 1331 4486 Nos
1345 4415 1480 4506 publici
1495 4418 1680 4512 nostrique
1696 4443 1799 4489 causa
1815 4418 2000 4489 commodi

1256 4516 1514 4587 Terentianam
1532 4545 1676 4612 agemus
1690 4518 1903 4593 Eunuchum
1920 4522 2055 4601 modo,

1256 4618 1337 4712 Qua
1351 4620 1543 4692 barbaram
1558 4619 1756 4695 Thrasonis
1774 4624 2017 4717 arrogantiam

164 4753 285 4837 miles,
309 4764 350 4823 ut
364 4776 401 4823 se
417 4772 562 4846 quoque
586 4744 732 4817 haerere
748 4746 785 4814 in
801 4747 920 4841 aliqua
936 4759 1037 4839 parte
1057 4748 1154 4842 apud
1206 4796 1272 4806 ...-

167 4850 345 4928 'l'haidem
366 4854 582 4936 arbitretur,
625 4863 732 4946 atquc
754 4844 824 4919 hoe
848 4875 914 4920 suo
949 4873 1071 4919 errore
1100 4850 1154 4918 in·
1242 4886 1288 4950 η)
1309 4886 1359 4936 ure
1380 4890 1527 4951 prorogas,
1555 4896 1633 4950 quen
1650 4887 1808 4937 stelenum
1832 4887 1857 4937 a.
1876 4887 1992 4940 earn.
2013 4888 2094 4941 sm,
2123 4890 2189 4941 ,sa

166 4960 270 5027 terim
283 4955 396 5028 homo
411 4956 582 5037 stolidus,
607 4956 733 5024 beatus
748 4966 811 5024 est.

265 5089 387 5160 Altera
410 5088 570 5182 Epitasis
599 5100 666 5158 est:
703 5081 861 5157 Chaerea
890 5109 956 5179 pro
975 5081 1152 5155 Eunucho

165 5195 212 5262 sd
227 5185 404 5261 Thaidem
420 5193 613 5274 deductus,
637 5191 765 5261 vitium
784 5190 889 5259 offert
905 5187 1048 5280 virgini.
1083 5188 1154 5259 Sed

165 5287 403 5386 catastrophe
435 5294 528 5364 laeta
562 5305 626 5365 est.
701 5292 795 5363 Nam
829 5294 967 5385 puella,
1014 5303 1153 5385 postea-

164 5422 275 5494 quam
300 5419 381 5467 eam
405 5394 631 5487 comperiunt
658 5418 731 5467 esse
763 5394 896 5479 civem,
936 5397 1042 5467 datur
1063 5420 1153 5467 uxor

163 5498 357 5573 Chaereae.

1275 4956 1436 5008 camerario
1461 4967 1531 5017 suo,
1562 4956 1590 5005 tn
1609 4954 1738 5019 Protogts
1762 4955 1869 5018 aliquot
1892 4956 1934 5007 stc
1955 4957 2114 5021 inscriptas
2139 4962 2185 5010 est

1275 5024 1485 5089 „Protogenia
1503 5025 1674 5074 uuachun:
1704 5024 1793 5074 toseb.
1810 5021 1964 5077 θεων*
1987 5026 2092 5089 qutun·
2117 5026 2189 5079 testis

1274 5092 1375 5156 aliquis
1391 5092 1420 5144 tn
1437 5104 1563 5144 enoren
1580 5093 1712 5155 ducetur,
1742 5105 1803 5142 eon
1820 5104 1839 5142 e
1856 5093 2020 5146 csnmrto
2038 5108 2110 5146 esse
2126 5098 2189 5148 sori·

1276 5167 1361 5225 ptura.
1395 5165 1495 5215 ltntet
1513 5166 1661 5223 praetem
1677 5162 1705 5211 tr
1717 5163 1782 5211 Met.
1798 5161 1865 5224 οη).
1881 5163 1967 5214 Bestt
1987 5163 2043 5229 tt,
2060 5165 2187 5217 oram

1275 5234 1340 5284 oott.
1353 5232 1465 5299 apage,
1487 5232 1569 5294 corp.
1581 5231 1643 5282 ser.
1656 5232 1710 5295 L,
1729 5231 1840 5281 terent.
1853 5232 1938 5284 ttdttt
1955 5232 2032 5285 tut).
2047 5236 2090 5297 a,
2112 5234 2188 5285 tut.

1277 5303 1362 5365 tue,
1383 5302 1458 5354 tut.
1471 5326 1507 5339 ·-
1522 5301 1554 5350 tn
1566 5299 1708 5350 vincentii
1726 5300 1834 5351 estrees
1846 5301 2013 5365 Epagrum
2027 5302 2094 5353 sset.
2110 5304 2188 5353 deest

1242 5387 1287 5451 18)
1303 5392 1371 5449 nos]
1396 5388 1438 5439 sio
1459 5388 1525 5441 ltel.
1543 5386 1613 5451 Ope.
1630 5386 1715 5439 besil.
1731 5387 1783 5451 V.,
1813 5386 1928 5450 Proles.
1944 5387 2028 5451 aliq„
2062 5389 2186 5440 Cutha

1275 5459 1304 5507 et
1327 5459 1435 5509 Terent.
1459 5456 1545 5507 ltditt.
1571 5457 1712 5519 1511111,
1739 5452 1833 5515 1⁶⁴⁸..
1860 5454 1951 5518 15⁴8„
1979 5454 2076 5521 {bots
2114 5458 2185 5517 corp

1274 5525 1396 5580 Moru.
1412 5525 1464 5577 Xe
1490 5535 1553 5579 vos.
