4762 6008
75 321 149 396 881

179 489 239 561 9ε.
266 488 327 561 86.
371 492 539 561 Oreiadas
554 486 629 586 ⁹⁷)]
671 484 804 558 habent
831 490 985 558 formam
1013 501 1065 559 te-

78 592 207 665 sticuli.

178 691 241 761 Vs.
260 690 321 762 87.
359 694 509 782 Alcinoi]
549 691 585 760 id
618 704 688 775 cst,
729 692 822 782 regis
847 688 1065 774 Phaeacum,

77 817 171 887 quae
194 815 290 861 nunc
312 804 459 861 vocatur
482 791 657 885 Corcyra,
700 806 736 862 et
768 806 820 863 est
841 796 906 865 sub
929 794 1065 862 ditione

79 897 315 965 Venetorum.

180 995 241 1065 Vs.
259 994 320 1064 88.
348 996 551 1065 Crustumiis
566 997 761 1089 Syriisque]
787 993 928 1066 Aloco.
1000 999 1066 1066 Vo-

79 1099 174 1187 lemi]
201 1095 238 1164 id
261 1107 332 1176 est,
365 1098 499 1183 grande
524 1096 643 1186 pirum
668 1097 820 1187 implens
842 1097 986 1179 volam,
1017 1096 1066 1167 sic

78 1200 252 1269 dictuma
278 1196 536 1285 magnitudine.

184 1298 244 1367 9ε.
262 1297 322 1367 89.
353 1298 546 1387 Vindemia]
572 1297 713 1389 Species
731 1298 844 1368 vinia
868 1299 955 1370 locis
981 1322 1066 1368 enu-

78 1413 207 1471 metat.

180 1500 241 1570 Vs.
258 1499 320 1569 98.
352 1504 476 1572 Utilior
495 1502 611 1591 passo]
640 1526 682 1569 nu
705 1515 921 1591 gesottenem
946 1526 1066 1594 weyn.

77 1605 228 1673 Passum
251 1613 305 1672 est
327 1601 515 1695 antiquum
547 1602 781 1686 vocabulum,
820 1629 885 1673 nec
913 1604 1011 1673 venit
1045 1629 1066 1672 a

76 1709 205 1795 pando,
231 1727 298 1772 nec
313 1727 333 1770 a
347 1709 471 1791 patior.
519 1703 700 1792 Significat
716 1717 836 1774 autem
851 1706 1064 1775 desiccatum

79 1820 115 1876 et
142 1829 333 1895 rugosum,
372 1805 464 1873 sicut
486 1805 651 1873 dicebant
681 1806 775 1896 passi
806 1831 924 1890 senes,
963 1830 1066 1898 passa

79 1932 211 1979 cerasa.
263 1904 312 1975 Et
325 1906 464 1977 Plinius
480 1906 616 2000 inquit:
652 1905 823 1976 Recentia
850 1932 970 1978 cerasa
997 1909 1066 1978 sol-

79 2024 169 2081 vum
191 2009 331 2094 alvum,
363 2034 464 2102 passa
490 2009 734 2099 adstringunt,
769 2010 804 2079 id
828 2012 925 2103 quod
951 2010 1066 2078 ruani-

79 2115 204 2184 1estum
222 2125 284 2182 est.
384 2113 530 2205 laycos]
556 2111 698 2183 Nomen
722 2112 823 2195 vitis,
855 2112 994 2203 generis
1016 2113 1066 2182 ie-

79 2216 221 2288 minini.
639 2249 642 2253 ·

181 2319 242 2389 Vs.
262 2317 324 2386 96.
363 2319 541 2409 Rhaetica]
573 2319 764 2399 Feltliner3
804 2331 856 2389 est
878 2316 1067 2389 Germani·

79 2450 162 2496 cum
190 2422 334 2497 vinum,
377 2417 432 2485 cui
458 2418 544 2485 vino
568 2420 703 2510 primas
728 2420 855 2488 tribuit
876 2406 1068 2509 Augustus,

80 2529 166 2622 quia
196 2522 338 2590 videtur
368 2514 458 2588 mihi
487 2521 681 2589 admodum
713 2521 868 2589 amicum
897 2544 971 2591 esse
997 2532 1068 2590 sto·

80 2622 224 2697 macho.
277 2622 431 2692 Multum
459 2625 554 2693 enim
579 2624 693 2693 nutrit
716 2646 868 2714 corpora
893 2635 929 2692 ct
951 2621 1069 2692 minus

82 2728 256 2799 accendit.
305 2724 449 2795 Laudat
465 2739 584 2797 autem
601 2748 688 2819 prae
706 2725 783 2796 aliis
798 2723 969 2815 Virgilius
986 2749 1069 2816 pro-

80 2847 162 2925 pter
175 2832 397 2920 Augustum,
424 2828 486 2920 qui
501 2831 654 2899 multum
671 2854 712 2898 eo
731 2840 782 2899 est
798 2852 901 2910 usus,
928 2840 963 2895 et
978 2851 1069 2897 sem-

80 2958 147 3026 per
165 2954 231 3025 per
247 2953 395 2999 coenam
410 2931 502 3001 bibit
519 2933 732 3015 sextarium,
755 2931 813 3000 ein
831 2930 960 3001 nossel.

185 3033 246 3106 Vs.
262 3031 326 3106 98.
355 3034 526 3126 Falernis]
563 3034 706 3117 id'esc,
748 3035 871 3103 vinum
899 3032 937 3098 in
965 3029 1069 3100 Cam·

81 3162 203 3231 pansa.

184 3239 246 3311 Vs.
263 3237 324 3307 97.
348 3241 528 3331 Amineae]
555 3239 592 3306 in
614 3237 757 3328 Apulia.

184 3343 245 3415 Vs.
265 3344 350 3413 102.
376 3340 551 3433 Bnmoste]
578 3341 703 3423 idest,
735 3338 930 3430 grandibus
952 3334 1071 3406 uberi-

83 3450 161 3518 bus.
212 3445 355 3516 Nomen
372 3445 503 3513 factum
526 3455 578 3513 est
601 3467 620 3510 a
644 3443 740 3536 βοῦ,
777 3444 874 3535 quod
897 3440 1073 3531 significat

85 3572 254 3640 magnum
287 3548 326 3617 in
359 3546 639 3638 compositione,
680 3559 715 3614 et
742 3538 911 3637 μασθός,
945 3544 1072 3622 idest,

85 3655 185 3722 uber.

187 3754 248 3824 Vs.
269 3752 351 3821 109.
392 3758 463 3822 Nec
485 3752 578 3840 vero]
615 3747 789 3839 Quintum
814 3756 938 3835 caput:
980 3743 1071 3810 aliae

85 3872 204 3927 terrae
223 3854 291 3919 alia
309 3852 469 3941 gignunt.

188 3954 250 4023 Vs.
272 3954 355 4023 110.
381 3952 480 4041 Alnt]
509 3951 631 4018 ellern.

192 4055 253 4127 Vs.
270 4056 355 4127 112.
381 4057 542 4143 Annos]
566 4053 629 4119 das
647 4071 695 4115 an
713 4048 777 4115 der
791 4069 930 4116 sounen
945 4046 1021 4136 ligt.

189 4158 250 4230 9ε.
264 4156 349 4229 114.
373 4160 564 4240 Domitnm]
582 4153 697 4231 idest,
715 4150 904 4231 excultum,
919 4159 1072 4217 aratum.

189 4263 251 4333 Vs.
277 4257 361 4331 115.
404 4260 561 4343 Gelonos]
597 4255 726 4334 idest,
769 4250 957 4321 orientalia
983 4251 1073 4320 loca.

85 4368 190 4439 Aliae
207 4365 353 4433 arbores
367 4371 561 4430 nascuntur
577 4358 615 4425 in
631 4355 708 4424 aliis
726 4354 824 4423 locis.
998 4376 1001 4381 ·

188 4470 249 4538 Vs.
267 4467 352 4537 117.
376 4463 564 4553 Helenum]
589 4459 667 4550 Ego
690 4457 849 4548 intelligo
874 4452 1074 4545 guaiacum,

91 4598 162 4667 quo
186 4582 338 4641 utuntur
358 4570 403 4635 ad
428 4564 649 4635 curationem
674 4560 794 4629 morbi
807 4556 954 4639 Gallici,
989 4554 1073 4647 quia

91 4675 231 4765 guaiaci
247 4669 440 4761 descriptio
456 4668 530 4738 sola
552 4663 719 4735 convenit
738 4686 819 4732 cum
834 4656 1074 4748 descriptione

89 4773 231 4845 hebeni.
341 4775 435 4844 Solis
458 4781 509 4841 eet
526 4770 661 4860 thurea]
697 4765 772 4835 Soli
793 4760 920 4835 Sabaei
942 4755 1075 4828 habent

534 317 752 391 LXXXVHI.
802 316 1085 392 ENARRATIO
1119 318 1402 394 GEORGICON
1434 320 1641 394 VIRGlLll.

2028 330 2104 407 882

1122 504 1158 560 et
1186 490 1351 583 inprimis
1378 491 1416 560 in
1444 494 1628 563 curatione
1659 493 1867 576 vulnerum,
1909 509 1960 564 est
1990 500 2105 570 effica-

1120 592 1298 663 cissimum
1324 594 1536 665 remedium.
1588 594 1730 666 Nomen
1746 596 1879 665 sactum
1896 611 1949 668 est
1966 622 1985 666 a
2002 599 2105 687 Baal,

1118 693 1240 777 idest,
1266 693 1463 778 Dominus,
1498 708 1533 764 et
1554 692 1746 779 schemen,
1781 698 1911 781 idest,
1944 725 2104 793 unguen-

1118 807 1216 879 tum,
1250 795 1384 878 idest,
1421 796 1598 867 Dominus
1617 799 1811 889 unguenti,
1844 805 2104 892 praestantissi-

1119 922 1217 967 mum
1235 910 1471 986 unguentum.

1219 996 1279 1068 Vs.
1299 998 1382 1069 119.
1408 1002 1575 1087 Acontio]
1601 1000 1765 1069 arborem
1789 1001 1973 1091 significat.

1220 1098 1280 1169 Vs.
1296 1100 1381 1173 120.
1413 1102 1516 1172 Molli
1541 1103 1638 1195 lona]
1665 1105 1710 1171 da
1734 1102 1791 1171 die
1817 1107 1923 1196 seyde
1946 1130 1993 1174 an
2019 1108 2103 1178 beu-

1119 1223 1201 1268 men
1215 1196 1388 1285 wechsst,
1414 1204 1505 1273 sicut
1523 1205 1618 1294 apud
1644 1228 1710 1276 nos
1732 1204 1832 1295 iungi
1857 1207 1894 1274 in
1916 1209 2103 1280 arboribus

1118 1303 1346 1392 proveniunt.

1219 1422 1279 1492 Vs.
1299 1421 1382 1495 128.
1418 1423 1554 1513 Medio]
1580 1421 1644 1492 Est
1664 1423 1724 1491 ille
1747 1431 1821 1514 ipse
1843 1426 1960 1510 locus,
1993 1454 2101 1523 quem
2197 1416 2202 1421 ’

1118 1546 1214 1591 nunc
1238 1536 1334 1593 tenet
1355 1521 1486 1615 Sopbi,
1526 1547 1589 1592 rex
1614 1523 1817 1596 Persarum.
1882 1529 1929 1598 Et
1956 1541 2007 1599 est
2033 1527 2102 1602 hoc

1119 1624 1235 1715 ipsum
1261 1650 1430 1716 regnum,
1472 1627 1570 1719 quod
1601 1638 1679 1695 erat
1710 1650 1859 1716 regnum
1882 1627 2102 1703 Parthorum

1119 1739 1279 1819 tempore
1294 1727 1462 1818 Augusti,
1493 1728 1590 1819 quod
1606 1722 1821 1797 Chaldaeam
1847 1732 2001 1823 attingit.
2056 1734 2105 1804 Ει

1118 1828 1209 1898 sicut
1241 1854 1283 1898 eo
1314 1843 1473 1920 tempore
1497 1827 1623 1897 Parthi
1650 1831 1796 1900 fuerunt
1824 1834 2100 1905 bellicosissimi:

1119 1929 1168 1999 ita
1184 1955 1278 2000 nunc
1293 1931 1358 2001 sub
1374 1927 1486 2023 Sophi
1501 1943 1585 2000 sunt
1607 1933 1872 2003 robustissimae
1897 1950 1932 2006 et
1953 1936 2103 2007 fortissi-

1117 2055 1199 2101 mae
1215 2045 1348 2124 gentes.
1437 2035 1729 2125 atinensem]
1757 2036 1793 2103 id
1818 2050 1888 2121 est,
1920 2038 2020 2106 varia
2043 2062 2102 2107 ve·

1117 2157 1232 2219 nena,
1258 2136 1294 2205 id
1314 2147 1377 2217 est,
1404 2132 1495 2205 sicut
1514 2130 1621 2204 habet
1636 2135 1734 2203 varia
1753 2160 1903 2221 venena,
1927 2139 1976 2208 ita
1993 2140 2102 2207 etiam

1117 2232 1226 2307 habet
1253 2236 1411 2307 remedia
1448 2249 1571 2306 contra
1612 2261 1761 2308 venena.
1892 2244 2104 2335 Tarannon

1118 2335 1285 2436 soporem]
1313 2339 1446 2421 idest,
1479 2339 1706 2424 subacidum,
1739 2342 1795 2409 vel
1820 2343 1925 2431 plane
1948 2345 2103 2425 acidum,

1120 2445 1215 2509 derm
1230 2465 1266 2508 es
1281 2442 1327 2509 ist
1342 2435 1535 2530 scherpffer
1549 2444 1644 2509 denn
1663 2444 1720 2510 ein
1739 2443 1841 2532 essig.

1218 2558 1279 2629 Vs.
1295 2557 1379 2631 127.
1406 2559 1527 2630 Felicis
1540 2562 1639 2653 malr]
1665 2561 1701 2629 id
1719 2573 1788 2643 est,
1814 2561 1945 2631 citrini.
1998 2560 2104 2632 Citri-

1121 2686 1228 2745 num,
1274 2684 1421 2751 pomum
1458 2683 1626 2742 aureum,
1676 2663 1886 2746 limonium,
1920 2677 2004 2733 sunt
2031 2675 2104 2733 tres

1093 2824 1097 2867 ÷
1122 2775 1292 2853 cognatae
1307 2761 1452 2852 species,
1469 2775 1504 2829 et
1517 2762 1718 2852 prorniscue
1731 2778 1860 2831 vocant
1871 2768 2103 2861 χρυσομῆλα.

1093 2886 1096 2923 ¹
1121 2868 1242 2937 Felicis
1255 2866 1353 2955 mols]
1378 2864 1415 2931 id
1432 2875 1503 2946 est,
1530 2863 1630 2954 pomi
1644 2864 1781 2946 citrini,
1814 2870 1911 2957 quod
1928 2879 1981 2936 est
1995 2890 2104 2955 rugo·

1122 2994 1199 3039 sum
1222 2991 1389 3058 pomum,
1429 2968 1689 3057 propemodum
1715 2966 1948 3037 cancellatum
1971 2980 2007 3036 et
2033 2967 2105 3037 'sul-

1122 3083 1260 3149 catum,
1300 3080 1341 3138 ut
1367 3067 1418 3136 ita
1445 3067 1581 3150 dicam,
1619 3069 1742 3160 lenger
1769 3071 1863 3137 denn
1894 3069 1952 3138 ein
1976 3091 2103 3159 spann.

1122 3171 1259 3262 Felicis]
1285 3171 1369 3263 quia
1386 3165 1494 3239 habet
1510 3170 1709 3239 mirabilem
1724 3171 1796 3238 vim
1814 3183 1938 3239 contra
1953 3192 2105 3254 venena,

1122 3277 1214 3347 sicut
1235 3272 1402 3343 scribitur
1421 3273 1466 3340 de
1486 3274 1643 3366 quodam
1665 3285 1820 3366 tyranno
1837 3271 2010 3355 Pontico,
2042 3272 2105 3366 qui

1123 3378 1248 3449 solitus
1264 3388 1317 3446 est
1330 3374 1483 3444 invitare
1496 3377 1540 3443 ad
1555 3398 1591 3444 se
1607 3400 1690 3446 suos
1707 3375 1821 3459 cives,
1854 3387 1961 3469 atque
1978 3374 2026 3442 ita
2042 3398 2106 3442 vo·

1124 3481 1210 3550 catis
1224 3480 1396 3572 praebere
1411 3500 1601 3559 venenum,
1622 3479 1712 3547 sicut
1725 3478 1841 3547 solent
1856 3475 2001 3569 tyranni
2019 3499 2104 3567 prae

1125 3608 1161 3654 se
1191 3584 1284 3650 ferre
1314 3578 1539 3660 comitatem,
1578 3590 1613 3645 et
1629 3591 1751 3669 postea
1777 3577 1903 3646 tollere
1929 3572 2106 3660 homines,

1124 3698 1295 3773 tanquam
1313 3680 1488 3748 inescatos
1501 3677 1573 3748 suis
1587 3676 1780 3749 blanditiis.
1821 3676 1898 3747 Hoc
1914 3688 2104 3770 postquam

1124 3792 1310 3856 senserunt
1324 3781 1434 3860 cives,
1468 3801 1557 3870 quos
1578 3778 1773 3859 invitabat,
1806 3800 1872 3846 nec
1894 3791 2016 3847 tamen
2042 3801 2105 3849 au-

1126 3889 1250 3956 derent
1273 3884 1468 3950 detrectare
1493 3878 1721 3949 autoritatem
1744 3880 1909 3972 tyranni,
1946 3904 2106 3971 sumpse·

1124 3998 1211 4059 runt
1223 3985 1322 4078 prius
1338 3982 1534 4075 pauxillum
1551 3981 1686 4050 conditi
1704 3981 1911 4066 citrinitati,
1943 3994 1978 4052 et
2000 4005 2106 4051 vene·

1125 4114 1210 4161 num
1228 4087 1384 4157 nonfuit
1399 4086 1530 4154 efficax.
1582 4083 1705 4153 Simile
1720 4085 1921 4175 exemplum
1944 4085 2106 4175 proxime

1125 4190 1309 4264 audivistis
1318 4187 1386 4285 ³⁸),
1411 4189 1546 4279 dequo
1566 4181 1773 4257 Athenaeus
1786 4186 1928 4270 scribit,
1951 4197 2017 4257 etc.

1225 4310 1286 4381 Vs.
1307 4306 1391 4382 129.
1415 4310 1567 4377 lnnoaio
1589 4306 1705 4398 nna]
1733 4303 1927 4395 Coniungit
1948 4305 2107 4376 incanta·

1124 4416 1240 4487 tiones
1258 4426 1293 4481 et
1307 4432 1456 4481 venena.

1226 4529 1287 4601 Vs.
1304 4529 1389 4600 180.
1413 4526 1514 4619 Agit]
1540 4524 1665 4607 idest,
1689 4522 1803 4614 pellit.

1226 4649 1287 4720 Vs.
1304 4649 1388 4719 181.
1411 4648 1598 4719 Simillimo
1612 4646 1726 4729 lauro]
1752 4642 1851 4713 Sicut
1865 4665 1930 4730 ego
1947 4636 2020 4707 vidi
2035 4635 2107 4706 Au·

1127 4751 1302 4847 gustae¹⁹)
1318 4748 1621 4841 apudFuccarum
1646 4746 1833 4825 arborem,
1858 4764 1950 4834 quae
1971 4740 2108 4807 ferebat

91 4874 196 4957 thus,
221 4867 725 4947 sicutsoliludaeihabcbant
744 4867 916 4937 balsama.
946 4859 1076 4929 'Dedit
1127 4881 1234 4951 poma
1254 4876 1374 4925 aurea.
1420 4849 1470 4920 Et
1483 4849 1543 4916 illa
1559 4850 1752 4917 admodum
1769 4855 1846 4914 crat
1861 4841 1976 4909 vicina
1993 4840 2108 4910 lauro.

92 4990 214 5049 autem
238 4977 333 5049 Deus
355 4974 492 5045 ludaeis
515 4973 734 5052 balsamum,
767 4967 851 5061 quia
865 4974 967 5036 erant
982 4960 1076 5031 mili·
1128 4958 1230 5031 Scitis
1246 4969 1364 5027 autem
1379 4951 1589 5031 limonium,
1614 4971 1763 5039 pomum
1779 4964 1925 5014 aureum
1952 4965 2046 5025 esse,
2073 4953 2109 5010 et

92 5095 166 5163 tes,
192 5092 227 5148 et
248 5074 652 5149 habebantmandatum
676 5070 836 5140 militiae.
886 5066 980 5138 Nam
1000 5064 1076 5134 bal-
1129 5060 1296 5131 citrinum
1327 5053 1461 5127 habere
1483 5064 1553 5122 tres
1584 5060 1759 5139 cognatas.
1775 5044 1919 5138 species.
1985 5042 2108 5111 Limo-

92 5206 233 5254 samum
257 5193 309 5251 est
332 5178 570 5249 efficacissima
596 5199 652 5245 res
681 5174 718 5241 in
751 5170 851 5240 omni
880 5164 1077 5248 curatione,

95 5354 307 5369 -ι--ρσ

1161 5331 1210 5396 28)
1228 5329 1293 5379 scit.
1313 5328 1340 5376 tu
1359 5321 1567 5386 prolegomenis
1585 5321 1621 5371 sd
1638 5320 1707 5370 harro
1728 5318 1775 5369 tib.
1789 5316 1822 5367 u.
1840 5316 1960 5381 deneg„
1979 5313 2044 5363 vtts
2059 5322 2111 5362 ru·

127 5449 177 5509 27)
195 5447 357 5505 orchades]
375 5442 417 5493 sic
429 5441 479 5491 Ed.
491 5439 648 5502 Wagner.;
670 5436 720 5486 aa.
736 5435 809 5485 1811.
830 5434 856 5486 iu
874 5436 951 5487 textu
970 5432 1076 5488 lircil-
1101 5422 1105 5435 '
1195 5409 1247 5460 1πα
1268 5411 1292 5457 1³·
1306 5394 1366 5445 ³77·
1716 5466 1721 5475 Ι

162 5520 225 5579 10⁸2
247 5515 276 5567 1¹¹
293 5516 344 5566 ¹¹⁰⁰
360 5511 504 5562 0011111010·
522 5508 668 5568 corruptas
691 5503 853 5559 orettodes.
1102 5534 1107 5549 .
1161 5497 1210 5565 29)
1229 5499 1371 5562 Augustae
1388 5494 1604 5547 vindelicorum
