4762 6008
32 56 114 149 ,Ἥ

147 310 224 389 πε
733 310 857 387 run.
884 310 998 388 unu.
1023 310 1227 388 secura
1252 314 1590 391 rumorosus
2109 290 2193 398 sss

146 482 389 577 Pamphilam.
494 483 658 555 Tandem
676 499 800 555 amoto
813 485 901 556 ludo
917 508 1022 578 agere
1045 487 1138 557 seria
1292 487 1355 561 νε.
1375 489 1409 561 1.
1434 493 1494 562 lio
1509 491 1581 561 illis
1594 482 1740 585 dicam]
1765 485 1901 557 Demea
1919 466 1963 557 de
1978 490 2114 584 nuptiis
2128 516 2190 564 re-

147 588 344 681 incipiens,
381 585 446 656 filii
469 588 631 660 animum
653 588 784 680 gaudio
811 589 946 681 explet,
977 591 1139 660 futurum
1192 587 1326 674 sciscit,
1351 590 1382 662 is
1396 592 1544 685 fingitur
1560 593 1633 660 iam
1649 588 1884 674 tumultuari,
1910 615 2036 664 verum
2055 608 2186 686 postea

150 691 384 785 promittens,
409 701 449 760 ut
464 690 563 760 illam
579 691 656 782 ipse
671 693 779 760 ducat
792 714 955 762 uxorem.
1192 691 1404 784 placabitur.
1472 693 1532 765 Vs.
1542 692 1577 766 4.
1603 694 1696 762 Boni
1710 687 1833 790 illisa]
1855 689 1990 768 lronia.
2050 695 2111 769 Vs.
2119 699 2184 772 21.

253 792 313 865 Vs.
333 794 365 862 1.
399 795 455 862 Ita
470 802 508 864 ut
521 794 644 885 diest]
669 789 905 885 catastrophe
928 804 1053 885 coepta
1076 803 1141 875 est,
1192 797 1310 866 budae
1332 798 1498 889 tesseris]
1524 798 1718 868 πολιτειῶν
1737 790 1783 868 s‘.:
1808 790 1874 867 καὶ
1894 791 2015 892 ὥςπερ
2032 795 2074 871 ἐν
2089 792 2194 872 ned·

150 900 212 968 sed
234 919 312 964 cam
334 895 544 989 priusquam
567 896 748 978 absolvat,
790 897 881 965 mire
904 896 1018 965 faceto
1045 918 1141 963 com·
1193 915 1248 967 σει
1264 890 1399 993 κύβων
1419 895 1512 994 πρὸς
1533 894 1581 970 τὰ
1603 890 1823 969 πεπτωκότα
1843 890 2024 971 τίθεσθαι
2047 897 2096 972 τὰ
2123 895 2197 974 αὖ·

151 1009 273 1068 mento
307 1020 443 1066 novum
476 1010 612 1068 metum
643 993 822 1068 Aeschino
858 997 986 1069 incutit
1022 1009 1141 1089 pater:
1193 1002 1262 1070 τοῦ
1276 992 1549 1097 πράγματαν).
1621 997 1683 1069 νε.
1697 1003 1760 1072 24.
1788 996 1995 1098 coaeum]
2021 999 2196 1094 Indigna-

152 1102 250 1194 quod
273 1112 415 1181 tamen,
451 1098 537 1191 quis
559 1123 635 1170 non
657 1095 767 1169 habet
791 1099 922 1170 seriam
944 1099 1142 1193 querelam,
1194 1099 1332 1171 tionem
1349 1102 1496 1172 indicat.
1598 1098 1881 1196 Verumque
1897 1105 1976 1196 esc]
2002 1090 2089 1176 Non
2114 1107 2195 1177 vult

150 1202 307 1273 breviter
340 1213 490 1284 tractat,
534 1215 570 1271 et
602 1203 681 1274 sine
715 1200 857 1293 tragicis
890 1196 1142 1272 schematibus.
1195 1197 1450 1296 Ctesiphonem
1475 1203 1642 1295 prodere.
1761 1202 1821 1274 Vs.
1846 1204 1907 1276 32.
1942 1202 2118 1305 Quicum-J
2153 1207 2195 1279 id

151 1304 212 1376 νε.
231 1307 289 1376 10.
313 1304 425 1377 Nihil
445 1306 530 1374 mili
552 1306 713 1401 quidem]
739 1302 901 1396 Eclipsis.
1003 1301 1065 1392 Vs.
1083 1305 1142 1376 12.
1195 1316 1266 1389 est,
1298 1329 1379 1376 cum
1406 1329 1490 1399 qua.
1593 1303 1656 1376 Vs.
1673 1303 1735 1375 34.
1767 1301 1929 1400 Bestia]
1963 1306 2121 1379 Atteude
2138 1310 2195 1379 lo·

151 1412 223 1499 Bpo
232 1411 344 1478 dicam
359 1407 451 1499 citt]
464 1403 594 1499 Incipit
606 1410 816 1498 figmentum
832 1430 919 1476 vero
932 1404 1143 1475 admixtum.
1196 1431 1275 1479 cum
1302 1409 1541 1479 reconditum.
1619 1405 1680 1479 νε.
1698 1405 1760 1478 69.
1790 1407 2028 1508 Oluppiter]
2061 1409 2195 1482 Excla-

151 1508 213 1580 νε.
241 1508 301 1580 16.
337 1511 431 1578 Haec
454 1512 549 1599 sirpo
573 1504 687 1605 orde]
723 1508 813 1579 Cum
836 1509 1036 1578 abiectione
1059 1529 1144 1599 pro·
1195 1509 1308 1580 matio
1326 1511 1364 1579 in
1380 1511 1491 1580 vitam
1508 1522 1544 1578 et
1558 1533 1690 1580 mores.

151 1613 407 1692 nuntiandum,
423 1624 464 1680 ut
479 1612 686 1703 nuptiarum
703 1636 802 1703 spem
818 1611 964 1680 adimat.
1009 1609 1071 1680 νε.
1080 1615 1143 1684 22.

155 1717 245 1801 Quid
257 1708 394 1810 ipsaei]
419 1711 581 1804 Eclipsis.
682 1711 743 1784 Vs.
760 1716 822 1789 28.
848 1718 907 1784 Er
921 1708 1022 1809 olio]
1046 1711 1144 1781 Tan·
1424 1677 1535 1749 ΛΕΜ
1550 1675 1595 1749 V·
1621 1674 1732 1748 scm
1748 1671 1775 1747 l·
1811 1672 1962 1767 Argum·

154 1817 206 1907 git
240 1811 470 1886 Aeschinum.
601 1814 663 1886 Vs.
692 1815 755 1890 29.
795 1814 1143 1904 Immisericordem]
1299 1813 1532 1885 servulorum
1551 1812 1733 1882 licentiam
1751 1810 1790 1879 in
1800 1806 1868 1881 hac
1878 1836 1985 1883 scena
1996 1813 2188 1890 Terentius

154 1917 376 1988 Adverbium
404 1918 600 1987 multarum
623 1919 865 2010 syllabarum,
904 1917 1144 2008 indignationi
1198 1917 1365 1989 ostendit.
1415 1914 1499 1986 Exit
1513 1914 1652 2006 egregie
1672 1926 1778 2006 potus
1794 1913 1906 2007 Syrus
1923 1910 2075 1988 multu'm
2089 1920 2190 1992 exsil-

154 2031 292 2112 aptum.
384 2019 524 2091 νε.66.
552 2022 804 2108 oneratione]
826 2018 933 2102 ‚Clam
960 2015 1018 2089 hic
1043 2031 1146 2110 pater
1197 2033 1299 2104 tans,
1331 2020 1428 2091 laute
1450 2042 1489 2089 se
1512 2040 1554 2086 ac
1575 2017 1724 2110 opipare
1752 2029 1942 2088 coenatum
1967 2042 2058 2091 esse:
2092 2016 2192 2094 hunc

155 2120 385 2213 obiurgatur,
432 2122 532 2216 quod
563 2122 672 2191 fuerit
706 2123 878 2194 conscius.
998 2120 1059 2191 Vs.
1083 2119 1146 2192 40.
1196 2120 1334 2193 Demea
1350 2121 1397 2190 ob
1412 2119 1661 2191 temulentiam
1677 2118 1819 2210 impetit
1837 2132 1871 2188 ct
1888 2120 2066 2211 obiurgat.

59 2268 63 2285 ·
155 2227 267 2307 Haec,
294 2228 341 2294 mi
354 2227 482 2316 pacm]
509 2224 695 2294 Amatorie
710 2236 749 2294 et
763 2223 961 2316 pueriliter.
1011 2221 1146 2294 vcta.
1299 2222 1361 2295 νε.
1392 2226 1425 2294 1.
1458 2217 1631 2320 Syriam]
1672 2221 1784 2315 Syrus
1806 2219 1924 2293 ebrius
1943 2220 2127 2314 syriscum
2148 2249 2186 2296 se

155 2320 353 2420 Aeetine]
388 2326 486 2394 llaec
510 2325 637 2395 ultima
659 2326 862 2418 desperatio
886 2326 981 2417 cogit
1001 2320 1146 2396 Aeschi-
1197 2324 1364 2396 nominat
1379 2324 1440 2421 ⁴⁸).
1537 2322 1653 2411 νε.4.
1679 2318 1992 2421 Prodeambulare]
2017 2324 2191 2396 Tardita-

105 2494 108 2499 .
157 2452 244 2497 num
261 2427 365 2495 fateri
380 2451 519 2498 verum.
577 2426 639 2499 νε.
649 2427 709 2501 49.
738 2432 843 2503 credo
857 2421 994 2525 terea]
1020 2428 1145 2499 Amica
1199 2442 1292 2513 tem,
1317 2427 1506 2497 mollitiem
1523 2439 1558 2496 et
1576 2426 1721 2498 delicias
1737 2427 1886 2498 indicat.
1977 2427 2037 2500 Vs.
2055 2428 2091 2501 6.
2122 2432 2192 2502 ote

157 2541 193 2599 et
223 2528 312 2598 lenis
343 2529 546 2620 obiurgatio
576 2554 619 2599 ex
652 2544 750 2613 arte,
790 2556 811 2600 a
843 2532 942 2613 loco,
986 2556 1005 2599 a
1040 2514 1148 2601 lacto.
1197 2533 1331 2625 rocla]
1358 2529 1589 2622 Aposiopesis
1605 2529 1796 2600 minantis..
1889 2528 1952 2602 Vs.
1968 2529 2004 2601 8.
2034 2536 2131 2602 tune
2141 2529 2190 2626 ⁴⁸)

155 2629 217 2703 νε.
237 2627 299 2702 66.
330 2637 378 2705 At
399 2634 582 2703 homonum
606 2629 752 2730 tamem]
789 2633 982 2702 Terentius
1005 2655 1147 2703 summa
1198 2640 1231 2706 ss'
1249 2657 1342 2705 meus
1357 2635 1474 2726 ossea]
1502 2630 1733 2724 Importuuus
1749 2630 1884 2702 Demea
1903 2636 2089 2725 pomposis
2109 2657 2191 2703 ver·

156 2746 233 2804 arte
256 2734 395 2804 inducit
415 2734 605 2804 Mitionem
635 2736 764 2806 leniter
793 2747 1037 2820 accusantem,
1077 2735 1147 2806 De·
1198 2736 1254 2807 bis
1268 2758 1350 2806 cum
1368 2735 1469 2806 ebrio
1484 2734 1612 2827 litigat.

155 2859 274 2907 meam
300 2861 424 2929 aspere
444 2836 701 2910 blandientem.
804 2836 865 2910 νε.
880 2837 931 2908 66
948 2862 1002 2934 sq.
1029 2843 1148 2922 Pater,

23 2980 28 2987 ·
155 2933 316 3036 edmero]
348 2939 448 3010 Mitis
471 2952 507 3010 et
528 2942 640 3011 faceta
666 2940 882 3034 obiurgatio.
998 2939 1061 3012 νε.
1085 2938 1148 3011 64.
1422 2906 1589 2980 Μῶν·
1614 2908 1726 2978 scena
1742 2903 1784 2979 Π·
1811 2903 1957 2998 Arium·

155 3045 239 3115 Nisi
254 3048 335 3136 quia
350 3038 510 3141 sawt]
538 3043 667 3114 Timor
682 3068 725 3116 ex
741 3043 948 3136 cupiditate.
1013 3041 1148 3114 νε.67.
1302 3038 1409 3111 Exitu
1436 3040 1585 3134 parasiti
1607 3040 1805 3133 cuiuspiam
1834 3032 2002 3131 Ctesipho
2028 3034 2191 3106 Demeae

131 3149 222 3216 ‘Dis'
236 3168 306 3230 mc,
328 3149 455 3238 poten]
480 3145 672 3218 Blanditur
687 3146 794 3238 patri.
871 3143 934 3216 Vs.
946 3144 1009 3216 68.
1034 3143 1149 3232 Quid?
1200 3142 1379 3235 proditur.

155 3249 214 3317 ille
227 3242 314 3342 ubi]
341 3244 469 3317 Adhuc
485 3247 747 3341 aliquantulum
763 3247 946 3317 formidat.
1016 3247 1077 3318 Vs.
1087 3247 1148 3321 70.
1302 3244 1363 3318 νε.
1386 3246 1421 3319 1.
1452 3250 1562 3332 Heus,
1595 3241 1725 3341 Syre]
1760 3242 1933 3317 Resciscit
1960 3235 2189 3334 Ctesiphonis

159 3351 213 3419 Ἰν
231 3352 344 3436 potius
363 3351 483 3441 Deos]
518 3348 611 3419 Nam
643 3361 847 3440 peccatores
870 3348 968 3437 Deus
990 3374 1067 3419 non
1091 3375 1149 3422 ex·
1201 3361 1399 3439 peccatum.
1438 3348 1491 3418 Ea
1508 3362 1666 3418 extrema
1681 3371 1765 3438 pars
1780 3359 1833 3417 est
1848 3346 2038 3437 epitaseos.
2090 3339 2190 3413 νε.5.

156 3450 259 3519 audit
273 3448 333 3547 ³⁰).
457 3449 519 3521 νε.
542 3449 603 3523 76.
637 3454 727 3537 Quid
744 3454 805 3523 loc
825 3447 908 3549 est]
942 3449 1150 3546 Epiphone-
1200 3453 1276 3520 Iam
1293 3454 1412 3538 scida]
1438 3450 1648 3519 Hocdicens
1664 3449 1793 3518 haculo
1810 3448 1980 3518 minatur.
2050 3443 2113 3516 νε.
2131 3444 2191 3515 10.

156 3575 215 3620 ma
224 3551 293 3649 ⁴⁶),
318 3564 467 3644 paterna
489 3553 715 3624 liberalitatis
731 3554 969 3645 exaggeratio.
1019 3555 1080 3628 νε.
1089 3556 1150 3628 76.
1201 3553 1541 3645 stromateum]
1567 3551 1732 3620 Plautus:
1775 3553 1892 3641 Atque
1917 3572 1975 3617 me
1999 3546 2191 3618 occultabo

157 3653 534 3754 Hieronemaudsss?]
559 3657 685 3727 Bonae
705 3657 838 3728 indolis
856 3658 1074 3730 adolescens.
1203 3656 1342 3748 aliquot
1371 3654 1468 3739 dies,
1506 3657 1591 3724 dum
1622 3648 1690 3721 hae
1715 3650 1954 3722 consilescunt
1985 3651 2115 3720 turbae
2132 3647 2192 3736 ιι).

965 3806 969 3813 -
1200 3754 1262 3828 νε.
1275 3761 1332 3831 11.
1356 3757 1618 3848 Ermum]
1635 3755 1671 3825 id
1688 3767 1758 3838 est,
1784 3753 1998 3823 dormiendo
2015 3748 2193 3823 exhalem.

361 3826 471 3897 Actus
487 3822 547 3899 lV.
572 3826 684 3898 Scena
703 3822 763 3896 Vl.
793 3825 943 3916 Argum.

262 3961 397 4033 Demea
421 3962 640 4032 ambulando
666 3961 854 4053 fatigatus,
887 3962 932 4030 de
951 3959 1042 4054 Syro
1064 3985 1150 4054 que·
1355 3970 1358 3973 ’
1415 3924 1526 4000 Actus
1540 3927 1585 3999 v·
1611 3926 1722 3997 scena
1740 3923 1798 3998 ΠΙ·
1821 3924 1970 4017 Argum.

157 4064 271 4150 ritur,
310 4067 408 4160 quod
439 4088 514 4134 non
543 4077 666 4156 aperte
696 4068 782 4135 satis
811 4064 1151 4163 commonstraverit
1304 4062 1458 4155 Cognito
1485 4059 1713 4155 Ctesiphonis
1740 4086 1885 4146 amore,
1910 4060 2046 4131 Demea
2075 4060 2194 4129 excla-

158 4169 297 4251 locum,
318 4167 381 4238 ubi
396 4168 508 4238 frater
525 4179 616 4238 esset
628 4165 747 4238 Mitio.
960 4216 963 4221 -
1202 4177 1298 4250 mat,
1326 4178 1362 4236 et
1377 4165 1568 4236 Mitionem
1585 4164 1702 4256 iurgio
1719 4166 1903 4250 adoritur,
1929 4175 1970 4235 ut
1991 4161 2193 4233 liberorum

263 4268 323 4340 νε.
349 4271 382 4340 1.
413 4269 578 4361 Defessus
599 4263 705 4366 sum]
737 4264 920 4339 Anhelans
942 4268 1039 4339 solus
1061 4263 1149 4337 haec
1201 4269 1463 4363 corruptelam,
1490 4293 1554 4361 per
1579 4293 1686 4364 quem
1710 4268 1872 4359 placatur
1893 4268 2039 4337 tandem
2063 4277 2100 4335 et
2120 4263 2194 4336 Ae·

158 4395 277 4444 secum
300 4371 474 4464 loquitur.
591 4368 652 4443 Vs.
668 4373 705 4444 6.
746 4373 972 4464 Perreptavi]
1013 4370 1149 4464 Aptum
1201 4368 1347 4457 schino,
1373 4384 1408 4441 et
1423 4368 1644 4463 Ctesiphoni.
2168 4414 2171 4419 ,

157 4474 234 4548 seni
255 4474 417 4545 verbum.
1303 4474 1365 4593 νε.
1386 4476 1419 4545 1.
1443 4478 1575 4545 Parata
1590 4498 1613 4544 a
1628 4474 1750 4590 nobie]
1772 4472 1940 4542 Placatur
1954 4469 2091 4540 Demea
2111 4482 2189 4539 tum

358 4643 469 4716 r...
484 4640 545 4716 w·
569 4640 681 4715 scena
695 4638 771 4715 vu·
793 4638 943 4734 saum·
1034 4728 1037 4735 .
1200 4573 1775 4771 saturaturus.
1799 4572 2191 4769 ..halatu

261 4777 398 4849 Demea
414 4780 458 4848 de
472 4777 562 4848 vitio
578 4777 718 4871 ,virgini
739 4764 860 4847 oblato
878 4789 914 4846 et
935 4774 1071 4868 nuptiis
1093 4799 1148 4846 re·
1199 4783 1311 4855 vovit.
1454 4782 1516 4853 νε.
1533 4781 1569 4854 9.
1596 4782 1783 4872 mpetu]
1816 4779 1973 4848 Demeae
2001 4776 2192 4868 perspicax

155 4882 318 5077 ffissr
331 4884 361 4955 is
384 4881 532 4975 fingitur
563 4881 636 4951 iam
660 4879 893 4964 tumultuari,
933 4881 995 5019 sed
1021 4890 1146 4970 postea
1197 4885 1439 4959 ratiocinatio.
1575 4883 1635 4957 Vs.
1653 4889 1712 4958 12.
1747 4874 1992 4976 factumest]
2027 4877 2191 4948 Crimen.

1231 5128 1280 5197 41)
1297 5130 1354 5180 lloo
1375 5127 1462 5180 schol.
1485 5123 1625 5177 lssvcnItur
1649 5123 1677 5175 ln
1700 5124 1751 5178 Ed.
1766 5122 1841 5174 toto.
1878 5120 1929 5171 llic
1950 5120 2028 5171 locus
2046 5119 2144 5168 exstet
2160 5116 2190 5166 tu

189 5224 238 5283 εει
257 5220 327 5274 usu
344 5221 416 5285 quta
432 5223 520 5284 cam]
539 5220 581 5273 uc
601 5220 666 5272 ιιιιε
678 5219 781 5284 ιιειεε.;
799 5216 950 5271 raucus.
968 5211 1038 5266 rues
1055 5215 1125 5266 can.
1267 5198 1338 5250 ries.
1358 5196 1392 5246 ⁶0
1410 5195 1526 5260 nouos.
1544 5194 1580 5246 x·
1600 5195 1684 5257 tosr-
1701 5193 1743 5244 ea.
1757 5192 1792 5243 ¹1·
1806 5191 1900 5254 Stert-
1916 5188 1947 5242 t·
1957 5188 1990 5239 ¹¹·
2014 5186 2115 5251 ΜΝ·
2130 5185 2190 5244 6)·

188 5307 235 5374 τε)
252 5305 512 5373 usn-excurse]
533 5307 574 5358 uc
586 5307 672 5357 rust.
686 5305 819 5370 isson,
838 5302 926 5368 ssu,
945 5300 1032 5363 isse,
1051 5298 1143 5365 isac,
1230 5277 1494 5347 aesceneduno]
1518 5276 1561 5328 εἰσ
1584 5275 1823 5339 8161114θῶ..
1850 5270 1943 5337 1543..
1969 5269 2065 5334 1518.
2092 5268 2190 5332 ¹⁵⁶¹o

223 5380 321 5428 borum
337 5376 401 5426 loco
412 5376 463 5428 Ed.
476 5376 551 5425 ¹⁵46.
568 5376 667 5425 hebet:
690 5375 752 5426 Non
766 5386 833 5424 esse
845 5370 1064 5436 delinquentibus
1077 5380 1142 5432 pro·
1262 5350 1312 5402 Μ
1328 5348 1403 5400 1549
1423 5360 1455 5397 ⁸⁰
1473 5347 1572 5398 b¹⁸¹¹⁴¹⁰
1589 5343 1722 5397 ⁰⁰¹¹¹¹¹²b

191 5482 194 5487 >
222 5447 318 5511 pltlu·
336 5455 436 5494 nuncu
454 5443 589 5507 divinum,
610 5444 693 5494 etten
710 5442 783 5494 rstlo
801 5442 912 5494 iudicet.
1006 5505 1011 5513 ι
1227 5435 1276 5499 43)
1296 5435 1390 5494 Tune]
1409 5432 1451 5484 sic
1467 5432 1533 5483 illue
1550 5432 1653 5494 ucitt.;
1677 5428 1726 5480 ud.
1744 5428 1836 5480 Vollb.
1857 5428 1907 5481 Tu.

147 5526 151 5533 ’
189 5532 239 5593 49)
257 5531 459 5596 zptptsoosns]
477 5527 506 5580 ln
525 5529 666 5582 1161644.
685 5528 773 5583 deest.
1227 5524 1279 5583 44)
1295 5521 1354 5573 1100
1370 5518 1455 5571 luitol-
1473 5517 1577 5584 logltur
1593 5516 1622 5566 lu
1641 5515 1781 5566 [61644.
