4762 6008
163 235 242 314 559
745 226 869 300 PHlL.
900 223 1015 297 Mun.
1048 219 1250 294 SCRIPTA
1285 222 1624 298 PHILOLOGICA.
2132 221 2211 301 660

168 438 233 506 per
248 407 409 503 Neptuni
426 429 554 499 aquas;
579 397 670 471 nihil
685 411 738 471 est
758 400 853 468 enim
880 400 960 468 oleo
981 394 1158 488 tranquil·
1212 394 1425 465 brevitatem
1443 396 1604 489 corporis
1620 396 1728 468 inisse
1738 396 1832 466 dicta
1840 394 2114 488 Pygmaeorum
2124 424 2205 471 ma-

167 518 257 597 lins,
291 522 416 582 eontra
436 503 527 576 nihil
549 507 641 575 mari
664 502 823 593 asperius
843 526 883 569 ac
907 499 1156 570 turbulentius.
1209 510 1274 568 ter.
1326 497 1418 567 Sunt
1443 500 1539 568 enim
1556 499 1747 592 Pygmaei,
1774 498 2009 592 quosGraeci
2032 525 2051 570 a
2076 504 2205 575 cubito

168 617 278 688 Extat
295 612 465 703 allegoria
491 610 566 678 eius
590 606 731 674 fabulae
762 607 799 673 in
831 605 985 697 quadam
1017 602 1156 693 praela·
1208 600 1258 669 sic
1274 614 1424 684 vocant,
1449 605 1539 671 adeo
1556 602 1702 684 breves,
1717 612 1757 671 ut
1773 614 1895 671 ternos
1910 603 2100 676 dodrantes
2119 631 2202 678 non

169 722 268 790 tione
297 711 483 783 clarissimi
504 712 573 779 viri
596 707 747 777 Domini
767 702 927 799 Philippi
953 699 1156 772 Melantho·
1209 703 1392 774 excedant.
1449 704 1522 775 Nec
1545 704 1749 775 fabulosum
1774 703 1889 773 videri
1915 705 2040 788 debet,
2077 705 2203 779 homi.

168 822 225 890 nis
238 818 307 913 ⁸⁹),
335 838 426 910 quae
444 810 500 883 his
523 811 641 881 verbis
664 808 871 902 explicatur.
921 802 1156 877 Athenienses
1207 828 1271 875 nes
1284 805 1382 876 nasci
1397 815 1471 875 tam
1487 807 1646 898 pusillos.
1696 806 1798 876 Vidit
1811 803 1914 875 ltalia
1938 830 2056 898 nuper
2077 809 2203 882 virum

167 918 345 1012 ingeniosi
367 914 533 987 homines
556 918 735 984 finxerunt
755 913 963 1003 Neptunum
988 922 1024 978 et
1038 908 1155 977 Palla·
1208 907 1300 978 iusta
1331 920 1467 991 aetate,
1502 932 1578 978 non
1604 909 1780 978 maiorem
1804 910 1944 993 cubito,
1977 911 2202 984 circumferri

167 1030 249 1096 dem
284 1021 378 1090 inter
406 1044 443 1090 se
476 1031 648 1101 certasse,
687 1017 732 1084 ab
754 1027 837 1085 utro
859 1014 1008 1084 numine
1032 1010 1156 1079 civitas
1207 1010 1246 1079 in
1262 1032 1368 1078 cavea
1384 1010 1545 1104 Psytaci:
1572 1012 1672 1082 cuius
1686 1011 1756 1080 viri
1769 1012 1934 1082 meminit
1957 1012 1997 1081 in
2018 1013 2091 1085 suis
2112 1018 2202 1086 scri-

166 1126 429 1220 appellaretur;
477 1143 629 1216 cumque
669 1119 830 1188 Deorum
870 1115 1002 1186 iudicio
1035 1112 1155 1183 Pallas
1207 1112 1278 1203 ptis
1293 1112 1536 1207 Hieronymus
1552 1113 1750 1186 Cardanus.
1802 1114 2031 1205 Figmentum
2049 1140 2134 1188 vero
2153 1121 2200 1191 de

169 1228 336 1299 omnibus
350 1224 493 1296 calculis
515 1223 673 1306 vicisset,
705 1222 833 1291 urbem
855 1220 901 1288 ab
926 1243 966 1288 ea
989 1216 1155 1286 nomina·
1207 1216 1524 1286 transformatione
1537 1217 1740 1310 Pygmaeae
1763 1217 1890 1288 matris
1910 1217 1948 1287 in
1968 1243 2117 1310 gruem,
2143 1248 2203 1294 ar·

166 1345 242 1401 tam
264 1353 349 1401 esse.
415 1327 497 1418 Qua
517 1324 638 1395 fabula
669 1323 933 1415 significarunt,
973 1319 1153 1388 civitatem
1206 1317 1322 1387 bitror
1350 1319 1576 1390 referendum
1603 1322 1649 1389 ad
1675 1320 1813 1410 insigne
1838 1320 1964 1405 illius,
1992 1323 2051 1392 cui
2071 1324 2141 1395 luit
2161 1325 2200 1395 in

168 1458 243 1503 non
258 1429 401 1525 imperii
428 1428 552 1512 laude,
577 1428 675 1522 quod
697 1426 865 1496 classibus
886 1432 1093 1516 paraverat,
1120 1431 1156 1487 et
1211 1421 1482 1491 matrimonium
1499 1422 1682 1492 collocata.
1734 1421 1952 1492 infestantur
1972 1436 2007 1493 et
2022 1425 2198 1519 Pygmaei

167 1561 278 1628 opum
311 1530 558 1622 magnitudine
589 1527 886 1621 praestantiorem
910 1549 1005 1607 esse,
1044 1546 1153 1617 qnam
1212 1525 1415 1613 agruibus,
1441 1528 1485 1594 de
1502 1525 1629 1618 quibus
1646 1523 1822 1595 luvenalis
1837 1526 1884 1617 ⁴⁹)
1900 1519 1988 1594 haec
2004 1529 2146 1599 scribit:

168 1639 330 1707 civilibus
353 1635 499 1703 artibus.
549 1629 642 1701 Illud
665 1642 785 1701 autem
808 1629 846 1698 in
868 1627 995 1721 primis
1015 1624 1155 1716 sapien·
1291 1658 1335 1707 Μ
1352 1657 1458 1707 „qm
1474 1659 1606 1708 mm„
1624 1658 1753 1708 volucres
1772 1658 1922 1720 nubemque
1940 1669 2072 1711 mom

167 1756 223 1810 ter
238 1736 477 1828 excogilatum
493 1747 564 1817 est,
592 1736 689 1828 quod
706 1733 781 1803 eius
797 1731 920 1803 iudicii
933 1729 1030 1800 Deos
1052 1739 1154 1797 aulo-
1295 1743 1453 1807 Pygmaeus
1471 1743 1567 1807 parvis
1585 1743 1675 1794 currtt
1693 1743 1812 1793 bellator
1828 1743 1858 1792 tn
1876 1744 1983 1799 arntsz

170 1867 226 1913 res
254 1843 435 1922 fecerunt,
468 1850 526 1922 ut,
559 1860 639 1907 cum
666 1836 829 1929 plerique
859 1829 1026 1903 homines
1058 1854 1154 1902 sum·
1291 1830 1355 1878 ⁵¹⁰¹
1373 1829 1461 1890 impar
1479 1829 1554 1879 ¹¹⁰³t¹
1572 1832 1724 1890 aptusque
1741 1824 1778 1892 ⁴⁸)
1797 1841 1847 1891 per
1864 1839 1933 1880 ser·
1950 1831 2042 1882 curus

168 1969 265 2015 mam
294 1966 368 2013 esse
389 1938 531 2031 imperii
554 1939 706 2031 gloriam
729 1937 950 2019 existiment,
968 1936 1154 2004 ‘admone-
1295 1914 1440 2035 ‘ini-“im
1457 1925 1474 1964 ⁸
1492 1925 1580 2035 mi·
1599 1915 1689 2034 tertqr
1703 1926 1785 2034 grue

165 2059 248 2117 rent
262 2044 424 2116 Deorum
442 2041 576 2113 iudicio
593 2043 699 2133 louge
715 2041 831 2111 maius
846 2063 920 2110 esse
941 2039 1048 2107 decus
1070 2034 1155 2104 civi·
1206 2018 1285 2087 Huc
1312 2032 1421 2109 ¹g¹iur
1452 2020 1578 2088 alifflhi
1604 2018 1775 2101 0V¹d¹11⁵‚
1819 2045 1930 2111 quum
1960 2021 2077 2115 inquii
2099 2021 2193 2117 (Vsa.

166 2163 302 2232 tatum,
326 2148 440 2237 leges,
473 2145 626 2228 iudicia,
660 2140 847 2214 honestam
872 2139 1096 2232 disciplinam
1120 2148 1155 2204 et
1207 2120 1253 2191 91
1274 2122 1346 2217 sq)

170 2252 301 2322 similes
318 2248 415 2340 pacis
429 2259 537 2316 artes.
1412 2242 1501 2311 banc
1515 2245 1600 2309 luno
1615 2244 1738 2311 victam
1753 2247 1937 2313 certamine
1952 2249 2052 2317 iussit

1314 2348 1396 2414 llaec
1407 2367 1543 2433 gruem,-
1568 2345 1762 2440 populisqne
1776 2350 1847 2415 nnis
1865 2350 2012 2418 indicere
2027 2350 2161 2419 bellum.

264 2419 457 2487 Haemus
484 2428 526 2484 et
553 2410 773 2506 Rhodope
799 2414 844 2483 in
870 2425 1057 2483 montes.

221 2556 297 2627 Vss.
316 2555 365 2626 88
382 2579 435 2648 sq.
461 2560 563 2625 Nunc
580 2554 708 2643 gelidos
730 2562 874 2634 montes,
902 2547 1060 2621 mortalia
1083 2568 1155 2616 cer-
1378 2529 1606 2623 Aniigone
1643 2533 1687 2600 in
1715 2532 1939 2603 ciconiam
1965 2537 2026 2635 ⁴⁴).

580 2678 665 2744 porc
679 2658 844 2749 quondam
1310 2662 1427 2733 Simili
1439 2664 1581 2734 ratione
1595 2666 1737 2735 videtur
1751 2666 1930 2758 Antigone
1946 2668 2033 2760 fingi
2058 2682 2195 2741 mutata

272 2762 423 2830 Nomina
437 2782 642 2828 summorum
663 2759 730 2827 eidi
753 2760 811 2849 qui
830 2756 978 2825 tribuere
993 2757 1154 2822 Deorum.
1207 2762 1246 2834 in
1273 2765 1468 2851 ciconiam,
1518 2790 1588 2861 qua
1612 2767 1789 2862 pygmaea
1811 2768 1849 2837 i„
1874 2793 2018 2860 gruem:
2062 2797 2196 2866 nempe

272 2876 355 2970 Quo
383 2876 528 2947 brevius
553 2878 598 2945 ab
619 2888 745 2946 autore
767 2873 989 2965 explicantur
1013 2868 1083 2941 hae
1104 2872 1157 2939 sa·
1207 2881 1360 2966 propter
1373 2868 1511 2960 insigne
1526 2870 1582 2940 sui
1598 2871 1767 2965 coniugis.
1816 2868 1948 2968 Estque
1972 2875 2196 2946 couveniens

167 2981 293 3065 bulae,
315 3004 358 3049 eo
377 2993 462 3050 sunt
483 2978 726 3061 obscuriores,
762 3002 805 3047 ex
823 2976 943 3046 libello
969 2987 1091 3044 tamen
1113 2975 1155 3044 de
1208 2968 1511 3065 metamorphosis
1524 2974 1697 3066 superbae
1714 2986 1750 3045 et
1766 2976 1968 3068 arrogantis
1982 2974 2140 3046 feminae
2155 2978 2196 3046 in

168 3083 345 3177 piscibus,
370 3082 434 3176 qui
456 3082 563 3172 vulgo
590 3078 805 3152 adscribitur
823 3074 1039 3161 Plutarcho,
1073 3100 1156 3146 con·
1208 3074 1395 3147 ciconiam.
1446 3076 1543 3179 Haec
1565 3077 1659 3147 enim
1685 3078 1780 3164 avis,
1815 3103 1896 3148 cum
1922 3078 1967 3147 ab
1991 3078 2094 3148 omni
2116 3105 2197 3150 mu-

169 3197 241 3255 stat
263 3183 441 3252 Haemum
474 3184 543 3253 sibi
563 3182 792 3274 assumpsisse
813 3206 948 3250 nomen
970 3177 1084 3264 lovis,
1117 3202 1157 3248 ac
1208 3178 1279 3250 sica
1295 3179 1341 3251 sit
1357 3178 1496 3265 aliena,
1521 3193 1644 3251 tamen
1661 3181 1711 3252 ita
1725 3182 1903 3275 superbit,
1929 3181 1979 3251 ita
1993 3181 2113 3274 placet
2128 3182 2196 3254 sibi

170 3308 274 3357 snam
303 3306 466 3355 sororem
487 3280 693 3375 Rhodopen
716 3307 737 3352 a
760 3307 796 3353 se
822 3284 977 3376 turpiter
999 3294 1157 3350 amatam
1209 3281 1272 3352 illo
1287 3283 1425 3374 crepitu
1435 3284 1455 3367 ,'
1482 3308 1587 3378 quem
1605 3296 1723 3355 rostro
1748 3286 1840 3370 edit,
1871 3298 1914 3355 ut
1935 3285 2134 3377 applaudat
2150 3283 2194 3373 ¹⁸)

54 3378 58 3385 ¹
169 3386 376 3457 nominasse
389 3382 577 3457 lunonem.
628 3385 784 3479 Quodsi
805 3397 912 3479 poeta
934 3408 1010 3453 non
1032 3384 1157 3477 loque·
1210 3385 1286 3456 alis.
1339 3384 1543 3455 Versiculos
1562 3380 1621 3454 bic
1644 3387 1798 3480 quadrat
1821 3387 1859 3457 in
1882 3384 2070 3458 hominem
2094 3389 2140 3457 de
2159 3410 2193 3458 se

169 3502 272 3560 retur
285 3490 328 3559 de
347 3478 487 3559 duobus
510 3488 618 3559 simul
641 3488 680 3557 in
702 3501 842 3559 montes
867 3485 1068 3569 conversis,
1100 3510 1158 3555 ar·
1211 3487 1436 3577 arrogantius
1452 3486 1663 3558 sentientem
1681 3487 1759 3582 (Vs.
1775 3487 1873 3588 97.):

168 3592 324 3663 bitrarer
338 3590 387 3686 ⁴⁸)
405 3586 464 3660 hic
485 3589 637 3683 intelligi
648 3586 852 3684 Rhodopen
872 3591 971 3659 illam
996 3587 1158 3660 meretri·
1310 3609 1390 3695 Ipsa
1403 3607 1469 3676 sili
1483 3607 1615 3695 placidii
1630 3607 1677 3703 ⁴⁶)
1693 3613 1877 3698 crepitante
1893 3611 2024 3679 ciconio
2040 3618 2163 3679 rostro.

170 3720 267 3781 cern,
295 3718 405 3791 quam
427 3689 630 3780 Charaxus,
661 3695 772 3764 irater
792 3689 978 3786 Sapphus,
1002 3691 1157 3772 amavit;

170 3796 752 3894 eaenim,testeHerodoto⁴¹),
786 3793 1061 3876 luit'l'hreicia3
1093 3819 1158 3865 nec
1209 3771 1351 3861 i⁰Vi⁸2
1410 3774 1631 3896 Νθῐζῐῦῐῐῑ,
1689 3778 1925 3872 Apollinis
1957 3776 2194 3853 etBacchi

170 3902 324 3972 absurde
347 3901 541 3992 fingeretur
562 3900 601 3970 in
622 3923 748 3993 rupem
773 3924 835 3973 seu
859 3912 1020 3970 montem
1043 3912 1157 3969 trans·
1405 3903 1567 3953 ‘'³¹¹³“
1594 3878 2003 3976 metamorphotes·

168 4004 325 4074 formata
350 4016 500 4095 propter
521 4002 768 4096 pyramidem,
806 4025 898 4098 quae
922 4003 955 4071 ei
979 4014 1061 4093 post
1081 4000 1158 4072 obi·
1258 4013 1498 4111 v53‚1035q‚
1533 4021 1692 4091 Maeoni,
1713 4022 1849 4093 mmm
1870 4024 2026 4111 desim
2040 4026 2194 4114 'anaqam

170 4118 260 4191 tum,
279 4120 320 4178 ut
341 4117 491 4176 testatur
505 4104 672 4174 Strabo⁴¹
679 4102 726 4199 ⁸),
743 4106 788 4173 ab
804 4105 1025 4174 amatoribus
1040 4117 1157 4174 erecta
1616 4128 1712 4194 murs·

172 4220 225 4278 est
241 4208 279 4278 in
293 4208 470 4301 Aegypto.
1317 4227 1486 4315 &copam
1511 4224 1570 4318 ιτ).

1314 4341 1430 4434 Supra
1448 4344 1626 4436 expositae
1642 4357 1726 4416 sunt
1740 4345 1878 4440 aliquot
1904 4346 1942 4415 in
1964 4340 2020 4416 bis
2044 4343 2197 4427 fabulae,

1211 4455 1253 4513 ut
1269 4444 1313 4513 de
1327 4442 1473 4536 Europa
1493 4458 1632 4516 atauro
1647 4447 1793 4541 decepta
1810 4462 1845 4519 et
1868 4451 1912 4519 de
1935 4472 2046 4521 aureo
2071 4449 2197 4530 imbre,

1213 4570 1286 4641 quo
1302 4542 1438 4639 Iupiter
1449 4545 1601 4623 Danaen
1617 4549 1732 4625 elusit.
1766 4550 1947 4636 caeterae,
1963 4546 2197 4648 quasArach

333 4376 558 4470 Pygmaea
584 4389 730 4448 mater
756 4375 802 4447 in
827 4400 995 4470 gruem.

272 4507 426 4581 Videtur
452 4509 561 4596 baec,
594 4534 830 4608 quaecuuque
852 4513 939 4597 fuit,
971 4511 1100 4605 pusilla
1123 4524 1159 4583 et

168 4617 327 4686 fastuosa
343 4614 470 4695 fuisse3
496 4616 586 4688 tales
601 4616 698 4685 enim
713 4617 925 4711 plerumque
939 4628 1023 4686 sunt
1035 4640 1158 4708 super-

169 4720 289 4791 biores
303 4716 470 4803 caeteris,
502 4719 711 4812 praesertim
736 4719 909 4801 feminae;
945 4743 987 4789 ac
1007 4730 1159 4813 propter

1211 4722 1416 4734 ——---—---

1246 4817 1295 4884 as)
1313 4820 1438 4876 ravam.
1454 4824 1513 4872 sec
1531 4820 1613 4887 xru,
1633 4822 1684 4872 rar
1701 4848 1736 4862 -
1754 4821 1815 4876 reo.

168 4894 374 4912 ''⁸’‘
1246 4904 1294 4970 48)
1312 4908 1477 4970 aptusque]
1496 4906 1537 4958 stc
1552 4907 1639 4959 nune
1659 4909 1752 4975 tm,
1771 4907 1865 4973 lma
1882 4907 1980 4961 turen.
1996 4907 2049 4960 Ed
2066 4908 2197 4975 hupert:

204 4987 252 5051 49)
275 4990 360 5039 Extat
377 5013 412 5025 -
430 4988 617 5041 Mstsnttonts
641 4985 706 5056 etc]
732 4989 779 5038 aot
803 4990 879 5040 totus
902 4989 945 5040 tto
967 4990 1046 5042 locus
1069 4990 1159 5043 efle-
1277 4976 1436 5038 ”timue

239 5056 302 5105 ntro
320 5057 444 5109 adtectus
462 5061 523 5125 est,
542 5060 592 5110 sot
609 5061 687 5108 certe
704 5058 891 5108 uetsutbonte
907 5060 1010 5123 verbs,
1034 5059 1080 5124 qut
1098 5060 1160 5111 tor·
1245 5057 1293 5124 44)
1313 5057 1394 5111 ortt.
1412 5059 1478 5108 stet.
1495 5056 1555 5123 Vt,
1572 5058 1609 5109 ss
1629 5070 1688 5122 sqq.

239 5126 320 5172 tasse
337 5127 499 5189 sertpsertt:
527 5129 582 5193 „tu
602 5128 720 5192 quadarn
743 5127 916 5191 prestatione
939 5123 1036 5192 nes,”
1060 5128 1103 5180 stc
1123 5131 1160 5181 st
1244 5143 1293 5210 45)
1313 5139 1476 5211 mundat]
1495 5143 1538 5195 ,ιο
1555 5145 1638 5196 Νη,
1658 5145 1751 5208 ¹⁶⁵⁵&
1776 5147 1827 5201 gg·
1846 5146 1923 5198 qm
1942 5147 2033 5198 ,ὡς
2050 5143 2197 5211 mma

93 5330 100 5337 ,
203 5190 608 5345 niiiiiiriiiiihiiiist.
628 5281 723 5344 rsss.;
743 5280 792 5335 rc
813 5281 889 5333 rese.
908 5281 1055 5335 mamm.
1245 5227 1442 5367 mmet]
1465 5230 1507 5282 ⁸¹⁰
1529 5231 1615 5284 mii
1644 5231 1736 5293 Μ’
1779 5232 1871 5295 imi
1907 5232 1987 5286 Μ’
2012 5232 2065 5285 m
2092 5230 2197 5283 m

202 5358 254 5427 ⁴¹)
275 5362 406 5414 ΝΜ·
425 5364 465 5428 ¹1,
486 5365 546 5418 ¹²⁸·
1244 5385 1292 5452 er)
1312 5338 1476 5450 noreiam]
1495 5385 1640 5442 sacrun.
1661 5386 1752 5451 tau..
1783 5387 1877 5453 asam
1909 5388 1989 5441 ona
2014 5388 2065 5440 cc
2090 5386 2196 5441 aanor.

190 5451 236 5506 ,41
251 5447 287 5512 ι)
305 5448 401 5505 strat.
415 5458 517 5517 geogr.
535 5451 627 5506 xvtt.
639 5464 702 5519 pag.
714 5454 777 5505 ωδ.
793 5454 844 5507 tt.
863 5452 982 5509 044414.
999 5466 1027 5511 a.
1047 5452 1123 5508 tm.
1281 5457 1427 5518 nenses.
