4762 6008
220 270 267 348 15
333 368 341 379 „
799 258 921 332 nutu.
953 228 1065 338 nrt.
1097 265 1299 340 senum
1331 271 1665 346 ruuouocrcs.
1907 274 1910 278 ·
2200 289 2248 360 ro

322 445 446 538 Neque
463 448 672 530 egestatem,
698 429 837 524 Cyme,
862 434 994 503 malam
1011 436 1137 508 obiice.

271 547 431 641 Iuppiter
446 542 540 612 enim
554 559 638 608 sane
653 533 782 602 libram
800 533 947 603 inclinat
962 537 1049 609 alies
1064 539 1145 624 alii,

323 647 504 719 Interdum
526 639 670 735 quidem
691 635 880 721 ditescere,
918 638 1098 711 interdum
1120 664 1206 710 vero

631 734 721 809 nihil
738 733 880 806 habere.

272 853 488 943 Nunquam,
515 843 651 937 Cyrne,
677 838 821 908 vendita
845 840 993 910 verbum
1018 867 1207 936 magnum

618 941 731 1029 xnovit
749 942 843 1010 enim
861 966 966 1012 nemo

224 1077 297 1150 160
322 1069 537 1146 Hominum,
563 1061 650 1155 quid
663 1083 736 1129 nox
750 1072 786 1128 et
800 1060 875 1130 dies
891 1061 969 1130 viro
986 1064 1155 1154 perficiat.

273 1174 380 1247 Multi
400 1170 543 1265 quidem
564 1176 716 1234 utuntur
737 1163 842 1232 malis
860 1165 1033 1247 consiliis,
1060 1165 1206 1235 numine

627 1276 746 1334 autem
762 1265 899 1347 dextro,

328 1374 485 1470 Quibus,
519 1367 616 1461 quod
639 1365 773 1432 malum
796 1364 1003 1450 videbatur,
1046 1368 1138 1436 cedit
1170 1367 1208 1434 in

638 1467 787 1548 bonum,

274 1586 365 1656 Sunt
389 1597 472 1643 vero
495 1572 577 1652 atii,
615 1566 678 1659 qui
701 1579 737 1635 et
757 1567 905 1638 consilio
929 1569 1044 1654 bono,
1086 1584 1120 1639 et
1142 1595 1207 1640 nu-

629 1667 725 1737 mine
743 1669 887 1739 sinistro

324 1783 394 1851 Res
409 1785 554 1868 gerunt,
579 1770 659 1841 linis
675 1782 792 1841 autern
808 1773 913 1841 rebus
929 1795 1003 1839 non
1017 1772 1181 1841 succedit.

226 1904 295 1983 165
323 1902 438 1975 Nemo
452 1890 653 1973 hominum,
667 1914 783 1984 neque
799 1890 910 1973 dives,
929 1914 1045 1983 neque
1060 1914 1208 1982 pauper,

320 2004 444 2093 Neque
461 1995 575 2091 malus
589 1992 664 2062 sine
681 1992 847 2077 numine,
872 2015 988 2085 neque
1006 1992 1120 2062 bonus
1140 2002 1207 2070 ert;

273 2105 380 2180 Aliud
404 2096 465 2167 alii
489 2095 624 2165 malum
648 2106 719 2175 est,
759 2117 798 2164 re
821 2119 906 2164 vera
934 2106 1053 2164 autem
1084 2094 1207 2163 beatus

631 2214 737 2259 nemo
754 2202 805 2262 ert
828 2223 830 2227 ’

320 2300 539 2380 Hominum,
567 2305 744 2388 quotquot
759 2292 812 2365 sol
828 2292 998 2364 intuetur.

274 2411 390 2505 Quem
405 2413 523 2472 autem
542 2395 604 2465 Dii
617 2406 759 2477 ament,
787 2406 822 2464 et
835 2394 976 2466 invidus
993 2397 1133 2479 laudat,

226 2532 299 2605 170
324 2522 403 2594 Viri
416 2543 501 2590 vero
515 2516 672 2590 studium
688 2526 739 2584 est
752 2513 902 2585 nullum.

272 2631 369 2701 Deos
394 2646 474 2706 ora,
517 2619 645 2714 quibus
668 2629 721 2687 cst
744 2639 872 2708 magna
902 2625 1074 2707 potestas;
1116 2612 1206 2684 nihil

478 2740 481 2745 '
634 2717 709 2788 sine
724 2715 802 2787 Diis

322 2830 385 2902 Est
399 2821 625 2903 hominibus,
651 2842 766 2913 neque
781 2818 897 2900 bona,
923 2841 1039 2908 neque
1053 2815 1159 2881 mala.

272 2935 399 3004 Virum
409 2929 545 2997 bonum
558 2933 760 3013 paupertas,
777 2942 884 3008 quam
899 2917 987 2983 aliae
1001 2938 1057 2982 res
1072 2936 1207 2996 omnes,

631 3020 755 3087 domat
771 3015 904 3107 magis,

322 3133 369 3205 Et
400 3152 499 3225 quom
530 3133 689 3194 senectus
721 3140 831 3201 cana,
874 3115 1009 3208 Cyrno,
1053 3128 1088 3185 et
1109 3138 1208 3210 quam

628 3219 752 3290 febris:

226 3351 298 3431 175
324 3351 442 3445 Quam
458 3342 599 3438 quidem
613 3347 843 3429 paupertatem
858 3346 1001 3426 oportet
1015 3334 1147 3424 fugere,
1174 3345 1209 3402 et

631 3464 670 3508 m
687 3462 899 3508 rmmensum
919 3461 1018 3505 mare

328 3527 526 3627 Proiicere,
553 3555 589 3610 et
602 3553 741 3632 petras,
768 3538 904 3633 Cyrne,
931 3551 1055 3607 contra
1071 3534 1171 3602 altas.

275 3652 402 3732 Omnis
427 3646 521 3716 enim
549 3643 604 3712 vir
635 3654 844 3737 paupertate
876 3638 1050 3720 domitus,
1091 3656 1207 3727 neque

274 3814 279 3823 .
633 3744 824 3838 quicquam
845 3741 982 3823 dicere,

325 3858 449 3947 Neque
479 3852 594 3918 facere
622 3856 755 3940 potest;
796 3843 917 3934 lingue
942 3865 1026 3911 vero
1049 3838 1100 3906 illi
1121 3836 1208 3927 lige·

634 3960 670 4015 ta
691 3959 753 4015 est.

278 4056 430 4155 Oportet
450 4050 557 4143 igitur
574 4047 678 4119 simul
694 4057 948 4137 superterram
966 4055 999 4111 et
1016 4042 1087 4109 lata
1103 4041 1208 4108 dorsa

635 4171 745 4218 maris

231 4284 303 4355 180
330 4278 509 4370 Quaerere
532 4268 668 4361 gravis,
695 4265 832 4382 Cyrne,
856 4260 1105 4331 liberationem
1123 4281 1209 4351 pau-

637 4378 794 4459 pertatrs.

279 4478 395 4559 M⁰fit
421 4472 565 4544 ⁰³¹¹¹i⁶²
580 4469 716 4562 Cyme’
741 4464 891 4558 Pauperi
912 4461 1038 4533 melius
1055 4474 1106 4532 ⁰⁵¹
1119 4484 1211 4544 Μ’
1314 4491 1451 4583 Cyrne,
1478 4493 1610 4563 amicos
1628 4495 1823 4564 secundum
1840 4515 1963 4560 omnes
1985 4501 2165 4559 commuta
2186 4514 2246 4555 va-

330 4580 448 4672 Quam
465 4573 584 4643 vivere
598 4574 687 4641 dura
706 4568 874 4638 afflictum
889 4575 1110 4656 paupertate.

279 4683 416 4753 Arietes
444 4676 587 4770 quidem
615 4685 650 4742 et
683 4670 802 4743 asinos
829 4667 1051 4762 quaerimus,
1082 4664 1211 4757 Cyrne,

638 4788 706 4842 ete
733 4796 798 4843 uos

333 4883 552 4959 Generosos,
580 4887 614 4945 et
630 4800 779 4969 quisiiue
795 4871 871 4940 vult
886 4893 928 4938 ex
939 4865 1044 4937 bonis

233 5000 304 5079 185
330 4998 544 5091 Admittere3
579 4995 707 5065 ducere
742 5002 861 5059 autem
895 4987 1028 5055 malam
1060 5005 1213 5066 numm,

640 5092 726 5162 mali
740 5090 808 5157 viri
823 5090 943 5169 liliam,
957 5111 1031 5154 nou
1047 5083 1166 5152 renuit

337 5205 538 5272 Generosus
554 5199 621 5278 vir,
642 5194 671 5264 si
687 5193 721 5261 ei
733 5190 901 5281 pecunias
917 5189 1046 5255 multas
1060 5183 1213 5252 dederit:

285 5304 389 5379 Nulla
404 5300 535 5391 femina
548 5295 634 5364 mali
650 5293 719 5360 viri
733 5302 873 5360 recusat
887 5312 958 5359 esse
972 5309 1063 5356 uxor

335 5401 479 5484 Divitis,
497 5398 585 5495 'quin
598 5394 747 5466 divitem
759 5392 838 5463 vult
851 5393 1011 5480 meritum
1022 5388 1102 5457 loco
1118 5383 1214 5454 boni.

1309 441 1407 535 Opes
1423 445 1568 537 quidem
1588 443 1796 526 aestimant3
1823 462 1859 519 et
1876 474 1917 520 ex
1933 452 2029 522 malo
2044 460 2116 526 otro
2129 468 2248 529 'onam

1664 546 1781 618 bonus
1797 551 1899 621 duxit
1913 577 2080 640 uxorem,

1260 645 1334 717 190
1359 645 1407 714 Et
1421 649 1535 717 malus
1551 672 1593 716 er
1606 648 1702 717 bono
1724 661 1834 723 ortam
1856 679 1931 726 cum
1952 655 2086 728 divitiis
2106 661 2248 730 miscuit

1666 774 1788 840 genus.

1308 847 1431 942 ltaque
1447 874 1492 919 ne
1510 850 1641 919 mirare
1657 875 1786 941 genus,
1809 854 2068 949 oPolypaeda,
2096 861 2227 932 civium

1360 950 1598 1031 Labefactari;
1616 954 1804 1022 cumcuim
1817 956 2012 1031 miscentur
2022 962 2117 1032 bona
2133 965 2246 1034 malis.

1310 1051 1388 1145 lpse
1406 1053 1549 1147 quidem
1573 1049 1682 1138 lianc,
1709 1080 1923 1146 cognoscens
1946 1064 2166 1154 malo'potre
2190 1090 2247 1135 or-

1669 1168 1742 1226 tam
1763 1183 1857 1242 esse,

1364 1254 1403 1325 lu
1420 1260 1524 1327 aedes
1540 1282 1621 1328 suar
1638 1258 1755 1342 ducit,
1782 1261 1909 1352 opibus
1927 1265 2021 1335 tutus
2036 1264 2221 1347 inductus,

1262 1353 1335 1427 195
1359 1358 1496 1430 Nobilis
1540 1358 1759 1448 ignobilem,
1812 1366 2101 1458 quandoquidem
2145 1368 2246 1437 tonis

1664 1460 1780 1550 ipsum
1808 1465 1994 1536 necessitas

1364 1560 1485 1650 Cogit,
1509 1583 1601 1653 quae
1618 1559 1688 1627 viri
1700 1561 1783 1630 fecit
1797 1565 1963 1634 miseram
1979 1581 2148 1638 mentem.

1310 1662 1407 1753 Opes
1424 1686 1508 1731 vero
1524 1661 1579 1731 cui
1596 1687 1616 1731 a
1633 1659 1735 1745 love,
1761 1676 1889 1734 etcum
1915 1667 2049 1737 iustitie
2068 1669 2146 1737 viro
2172 1670 2245 1738 lne-

1669 1762 1761 1846 rint,

1359 1862 1406 1932 Et
1420 1863 1568 1954 integre,
1593 1887 1734 1955 semper
1748 1864 1891 1958 quidem
1910 1868 2035 1938 stabile
2051 1883 2122 1947 est;

1311 1962 1348 2032 si
1365 1989 1448 2033 vero
1463 1964 1592 2035 iniuste
1605 1979 1747 2057 praeter
1762 1980 1901 2058 tempus
1926 1970 1980 2036 vir
2002 1970 2091 2038 lucri
2115 1969 2244 2060 cupido

1667 2089 1790 2137 enrnto

1259 2167 1335 2239 200
1358 2166 1548 2259 Aequiret,
1589 2166 1661 2236 sive
1689 2168 1920 2239 iureiurando
1947 2185 2087 2264 practer
2113 2173 2242 2241 iustum

1666 2294 1826 2360 capiens,

1309 2369 1437 2438 Statim
1454 2369 1597 2463 quidem
1613 2371 1705 2439 ferre
1724 2373 1861 2443 lucrum
1887 2373 2046 2459 videtur,
2079 2378 2116 2447 in
2138 2377 2243 2446 finem

1669 2496 1755 2541 vero

1360 2570 1515 2642 Rursum
1538 2584 1590 2642 est
1614 2575 1804 2653 damnum,
1837 2572 1997 2647 Deorum
2025 2579 2120 2648 enim
2143 2602 2244 2668 supe-

1667 2675 1750 2740 rior.
1762 2686 1814 2740 est
1832 2700 1941 2747 mens.

1309 2771 1378 2839 Sed
1395 2767 1482 2839 haee
1499 2763 1685 2840 hominum
1700 2771 1827 2839 fallunt
1843 2788 2017 2852 mentenn
2050 2799 2124 2845 non
2149 2776 2244 2843 enim

1662 2895 1769 2963 super
1786 2871 1880 2962 ipsos

1359 2970 1468 3041 Fiunt
1483 2969 1579 3040 beati
1595 2970 1650 3041 rei
1667 2975 1811 3044 erroris.

1260 3068 1335 3146 205
1360 3072 1430 3144 Sed
1443 3069 1501 3142 hic
1526 3073 1670 3166 quidem
1695 3074 1769 3166 ipse
1793 3076 1899 3145 solvit
1919 3078 2053 3148 malum
2067 3077 2244 3156 debitum;

1677 3177 1736 3246 ille
1753 3201 1838 3248 vero
1861 3174 1977 3249 charis

1362 3277 1502 3348 Nouam
1517 3290 1639 3369 postea
1653 3277 1773 3350 liberis
1790 3280 1971 3372 appendit.

1311 3377 1431 3449 Alium
1454 3403 1540 3448 vero
1563 3404 1638 3449 nou
1666 3377 1902 3474 apprehendit
1934 3381 2108 3461 vindicta;
2149 3405 2245 3451 mors

1668 3483 1764 3552 enim
1780 3484 1968 3577 impudens

1360 3582 1465 3653 Prius
1480 3607 1587 3675 super
1595 3583 1642 3680 ¹⁴)
1657 3586 1846 3676 palpebras
1861 3587 2026 3668 sedebat,
2056 3587 2168 3673 fatum
2193 3585 2243 3651 al-

1586 3756 1589 3761 ,
1670 3688 1801 3758 ferens.
2230 3768 2233 3773 ,

1299 3782 1425 3856 -Nemo
1456 3786 1615 3876 prolecto
1646 3788 1739 3857 exuli
1772 3789 1906 3860 amicus
1937 3802 1973 3858 et
2002 3787 2114 3858 fidelis
2143 3788 2246 3857 soda-

1667 3889 1710 3960 lis
1727 3902 1795 3974 est,

1261 3987 1336 4058 210
1361 3983 1477 4055 Exilio
1494 4002 1613 4060 autem
1629 4004 1681 4062 est
1694 3987 1762 4061 hoc
1779 3989 1950 4061 acerbius.

1312 4085 1444 4156 Vinum
1461 4113 1545 4160 sane
1560 4105 1686 4181 potere
1701 4093 1866 4174 multum,
1881 4091 2013 4160 malum
2030 4102 2095 4167 ert;
2117 4091 2146 4158 si
2161 4110 2244 4155 vero

1676 4193 1755 4283 quis
1772 4193 1889 4278 ipsum
2213 4238 2217 4244 -

1361 4289 1501 4359 Poterit
1532 4291 1744 4380 prudenter,
1788 4312 1863 4357 non
1895 4287 2048 4370 malurn,
2089 4288 2151 4358 sed
2182 4287 2229 4355 bo

1670 4415 1758 4460 num
1780 4401 1842 4461 est.

1674 4595 1748 4665 rios
1763 4618 1899 4675 mores,

1365 4691 1551 4785 Ingenium
1567 4707 1787 4787 temperans,
1814 4696 1911 4791 quod
1929 4691 2079 4785 quisque
2095 4687 2213 4759 habet.

1264 4791 1673 4887 216P01ypimencem
1705 4798 1825 4867 obtine
1857 4793 2073 4884 versipellis,
2114 4793 2175 4885 qui
2205 4791 2249 4858 ad

1368 4995 1432 5065 Cui
1449 4993 1647 5068 adhaeserit
1658 5052 1667 5081 ,
1678 4913 1777 5069 iffi*
1781 4925 1867 5068 1iiio
1885 5008 2045 5088 apparet.

1268 5206 1372 5218 firm—n«-
1408 5208 1471 5218 u.-

1303 5344 1349 5409 ts)
1367 5346 1464 5406 rupee]
1484 5343 1527 5394 ne
1545 5349 1592 5398 t=
1610 5317 1728 5406 recogn.
1748 5336 1808 5407 tut)
1826 5343 1910 5395 retu.
1929 5343 2013 5407 troc,
2033 5314 2212 5404 rosaq'mw
2230 5361 2253 5372 -

1341 5412 1431 5478 tost.;
1457 5412 1506 5463 ltu.
1526 5412 1600 5464 1561.
1619 5411 1706 5462 nete:
1731 5420 1849 5474 semper.
1964 5424 1977 5463 r
2165 5412 2169 5421 '
