4762 6008
55 357 131 434 669

55 534 209 610 fatetur,
242 552 319 598 non
346 552 420 599 esse
445 524 658 608 honestum,
698 538 738 595 ut
760 526 835 616 ipsa
861 524 907 594 sit
932 524 1046 615 magis

58 654 238 727 propensa
272 653 355 722 erga
381 642 565 723 exterum,
599 650 709 722 quam
737 651 819 717 erga
846 639 1045 718 parentem.

56 737 125 806 Sed
146 730 231 803 huic
254 744 466 823 argumento
492 731 643 823 opponit
665 729 910 810 contrarium,
948 730 1046 798 vide·

52 838 139 906 licet
157 859 194 906 se
211 858 287 902 non
303 858 405 925 posse
421 857 496 902 non
514 835 633 902 lavere
651 830 769 901 lasoni
784 844 933 923 propter
949 856 1046 922 egre-

56 940 133 1031 gias
155 936 267 1028 ipsius
294 940 413 1019 dotes,
446 948 594 1026 propter
615 946 787 1017 aetatem,
820 957 949 1024 genus,
975 934 1047 1002 vir-

57 1051 217 1109 tutemet
231 1040 405 1116 formam3
432 1062 539 1130 seque
555 1049 661 1104 vocat
678 1036 927 1104 immaniorem
946 1036 1048 1105 omni

56 1142 199 1223 bellua,
233 1140 263 1210 si
281 1135 337 1208 his
360 1139 502 1208 dotibus
525 1134 617 1207 nibil
639 1150 839 1207 moveatur.
907 1136 1046 1206 Deinde

61 1253 337 1333 argumentatur
355 1265 374 1310 a
391 1240 612 1322 necessario,
639 1240 738 1309 illum
762 1240 891 1312 misere
913 1240 1047 1330 peritu-

57 1370 160 1427 rum,
186 1344 256 1413 nisi
282 1342 483 1412 adiuvetur.
544 1342 650 1434 Quod
678 1358 927 1432 argumentum
952 1343 1046 1411 ratio

57 1447 193 1515 refutat
210 1445 255 1514 ab
269 1440 441 1527 honesto,
469 1443 608 1514 etiamsi
632 1444 691 1513 ille
716 1446 830 1513 amari
856 1455 1048 1527 mereatur,

58 1562 181 1616 tamen
198 1559 388 1639 propterea
404 1541 497 1614 nibil
517 1546 685 1639 scelerate
701 1547 903 1618 laciendum
922 1559 1047 1615 contra

60 1649 234 1741 patriam;
260 1649 344 1717 item
362 1649 406 1717 ab
423 1660 573 1730 eventu,
600 1671 673 1718 esse
691 1647 879 1733 incertum,
905 1648 1048 1741 qualem

59 1752 120 1819 ille
144 1749 296 1840 gratiam
320 1750 366 1819 sit
393 1750 569 1820 relaturus
596 1749 629 1818 ei
650 1773 717 1840 pro
734 1762 835 1821 tanto
858 1749 1049 1829 benefici03

62 1865 98 1921 et
120 1852 164 1920 ab
186 1850 324 1919 itineris
346 1851 527 1941 periculo,
561 1876 634 1921 esse
653 1851 833 1921 difficilem
855 1879 897 1923 ac
912 1853 1050 1941 pericu-

61 1955 175 2023 losam
212 1951 478 2043 navigationem
519 1977 560 2021 ex
596 1949 737 2025 Colchis
768 1955 807 2023 in
842 1957 1048 2026 Graeciam.

63 2056 165 2147 Quae
188 2046 396 2144 argumenta
413 2053 625 2124 refelluntur
643 2051 713 2124 boc
728 2059 857 2127 modo:
889 2057 950 2129 sed
975 2044 1056 2125 non¹

64 2179 236 2248 apparere
269 2180 350 2226 eum
376 2157 453 2225 lore
486 2154 687 2246 ingratum3
727 2158 812 2229 item
844 2160 1050 2251 amplexum

66 2259 139 2329 eius
155 2270 360 2328 amoturum
377 2283 451 2327 esse
468 2282 610 2326 omnem
628 2260 777 2349 periculi
793 2273 940 2331 metum.

168 2359 266 2427 Haec
289 2371 341 2427 est
363 2381 503 2427 summa
536 2358 806 2447 disputationis,
845 2385 936 2455 quae
957 2360 1052 2450 peri·

63 2457 187 2552 phrasi
217 2458 386 2550 explicari
416 2457 529 2547 possit
559 2458 615 2525 vel
645 2453 714 2526 boc
740 2462 867 2537 modo:
910 2460 1053 2542 Nescio,

65 2563 144 2656 quis
165 2572 286 2628 motus
310 2558 445 2626 rationi
467 2581 542 2626 non
564 2559 815 2649 obtemperans
839 2574 955 2632 verset
975 2561 1052 2630 ani-

61 2687 166 2732 mum
181 2684 321 2739 meum;
355 2672 449 2729 certe
468 2672 642 2753 quantum
661 2660 842 2754 intelligo,
869 2687 971 2733 amor
989 2676 1052 2733 est.

63 2764 138 2834 Cur
159 2761 254 2832 enim
269 2762 427 2852 parentis
442 2761 536 2831 iussa
552 2756 644 2830 milri
666 2763 879 2854 displicent?
912 2790 976 2835 cur
999 2762 1053 2833 la-

62 2865 145 2938 soni
174 2862 321 2933 metuo?
368 2863 481 2956 Atqui
506 2875 622 2933 castae
650 2867 780 2936 mentis
810 2879 863 2937 est
889 2869 1052 2938 resistere

62 2967 193 3037 amori.
250 2964 382 3035 Fateor
391 2992 400 3045 ;
426 2967 488 3035 sed
513 2965 576 3058 qui
597 2967 767 3057 possum?
799 2968 976 3062 Equidem
998 2970 1052 3039 lu-

63 3081 142 3138 ctor
173 3091 341 3150 mecum,
382 3079 489 3160 atque
525 3067 637 3136 invita
671 3065 755 3139 buic
787 3070 1053 3162 perturbationi

61 3169 179 3240 animi
200 3169 408 3248 succumbo;
445 3170 543 3239 aliud
569 3170 664 3239 enim
688 3196 810 3256 amor,
836 3174 933 3244 aliud
958 3173 1051 3243 ratio

60 3273 200 3343 suadet.
271 3274 323 3341 Ac
358 3294 577 3365 quamquam
610 3296 686 3341 non
722 3275 851 3365 ignoro
885 3277 1052 3346 affectum

61 3373 199 3444 amoris
223 3397 297 3444 esse
329 3374 522 3465 pessimum
551 3375 808 3446 consultorem:
856 3390 977 3448 tamen
1000 3379 1053 3447 illi

61 3477 311 3567 obtemperare
335 3500 456 3567 cogor.
516 3475 651 3547 Verum
674 3478 704 3548 si
729 3480 1050 3574 obtemperandum

63 3582 118 3649 est
130 3578 268 3662 amori,
294 3602 357 3649 cur
372 3580 464 3668 regis
485 3579 557 3647 lilia
581 3593 740 3649 exterum
759 3595 867 3675 atque
887 3584 1051 3673 ignotum

63 3679 175 3749 amo?
220 3680 396 3772 siquidem
423 3677 511 3748 haec
533 3705 677 3775 quoque
700 3695 794 3750 terra
819 3679 928 3752 habet
949 3709 1053 3772 prae·

64 3793 197 3853 stantes
213 3781 328 3861 viros,
355 3779 521 3867 coniugio
535 3805 616 3847 meo
631 3804 706 3849 non
724 3782 902 3871 indignos.
954 3784 1053 3875 Quid

64 3905 150 3973 ergo
182 3882 227 3948 de
257 3880 321 3948 illo
352 3878 503 3948 sollicita
528 3880 632 3948 sum?
674 3882 806 3973 quidve
830 3909 907 3953 mea
930 3887 1053 3969 relert,

64 3986 139 4053 sive
159 3981 277 4064 vivat,
302 3980 376 4051 sive
393 3978 573 4048 intereat?
603 3978 705 4052 Nihil
720 3984 884 4076 quidem;
919 3989 979 4056 sed
999 4001 1050 4056 ta·

64 4107 170 4165 meu,
197 4083 281 4175 quia
298 4081 439 4153 iuvenis
456 4094 509 4152 est
529 4083 716 4153 nobilitate
737 4088 895 4176 generis,
920 4089 1051 4159 virtute

67 4200 100 4256 et
114 4188 232 4254 forma
249 4198 453 4276 praestans,
478 4185 600 4253 malim
624 4211 704 4256 eum
727 4188 847 4258 vivere
870 4188 978 4284 qubm
996 4193 1051 4259 in-

67 4288 193 4357 terire.
251 4286 344 4358 lllud
367 4286 510 4383 quidem
532 4286 632 4372 licet,
665 4289 721 4358 vel
746 4291 877 4386 absque
902 4294 1050 4363 infamia

67 4389 211 4461 amoris.
262 4390 310 4458 At
325 4414 399 4458 non
415 4389 507 4458 votis
529 4401 690 4475 tantum,
716 4396 777 4463 scd
792 4395 893 4466 lactis
910 4421 1051 4468 conscr-

68 4493 183 4560 vanda
214 4504 267 4564 est
298 4492 393 4562 illius
427 4492 518 4575 vita,
560 4492 695 4587 alioqui
719 4496 846 4566 misere
876 4498 1050 4571 interibit.

64 4591 163 4693 Ergo
187 4619 267 4666 cum
291 4599 434 4687 praeter
451 4619 509 4663 me
532 4618 638 4665 nemo
653 4596 703 4665 illi
720 4598 907 4670 subvenire
926 4602 1051 4692 possit,

64 4719 128 4764 ero
157 4695 351 4767 immanior
382 4697 482 4765 omni
512 4697 650 4783 bellua,
692 4722 754 4767 ero
780 4701 880 4768 omni
902 4726 987 4773 saxo
1016 4717 1051 4774 et

63 4798 163 4865 ferro
181 4798 325 4883 durior,
352 4798 421 4868 nisi
436 4798 636 4869 innocentis
651 4799 762 4869 vitam
779 4825 1050 4876 conservavero.

64 4898 136 4969 Sed
153 4898 236 4967 dum
256 4901 308 4968 illi
324 4901 483 4985 consulo,
509 4902 662 4993 patriam
679 4906 808 4993 prodo.
849 4904 973 4997 Egone
988 4909 1050 4975 ad-

65 5001 207 5071 mittam
224 4997 294 5070 hoc
308 5004 484 5073 nefarium
495 5003 631 5074 scelus?
658 5004 781 5097 Quid?
822 5010 919 5100 quod
935 5009 1050 5079 incer·

65 5116 142 5173 tum
155 5116 217 5184 est,
235 5103 373 5199 qualem
387 5105 536 5195 gratiam
552 5107 627 5197 ipse
643 5103 734 5175 mibi
744 5108 921 5180 relaturus
929 5111 1049 5203 sitpro

67 5205 249 5277 beneficio.
300 5206 408 5274 Forte
423 5206 540 5277 salvus
557 5221 591 5276 et
612 5207 801 5279 incolumis
818 5210 971 5283 discedet
992 5238 1050 5284 me

67 5310 208 5394 relicta,
233 5310 412 5401 aliamque
428 5311 532 5377 ducet
549 5332 713 5379 uxorem:
735 5311 772 5379 id
792 5312 822 5381 si
838 5312 888 5381 ita
905 5329 1050 5387 eventu·

68 5432 146 5481 rum
178 5426 287 5497 esset,
319 5424 396 5481 tum
419 5412 563 5480 mallem
593 5413 753 5504 profecto
776 5413 877 5484 illum
903 5417 1048 5493 iamiam

66 5510 223 5588 interire.
289 5516 360 5585 Sed
386 5515 560 5608 ingenuus
586 5516 723 5602 vultus,
762 5539 953 5609 generosus
974 5520 1050 5597 ani-

373 353 462 429 xcr.
514 350 798 428 autumno
830 310 961 422 maru
986 348 1064 421 vn.
1081 288 1573 421 'uarauonruosrou
1606 346 1766 420 ovmu.

1433 110 1443 145 l

2004 350 2089 427 670.

1094 546 1174 591 mus
1191 574 1201 604 ,
1226 533 1259 590 et
1276 521 1446 592 excellens
1461 521 1556 590 illius
1572 520 1686 588 forma
1703 515 1794 589 mihi
1808 529 2026 614 persuadent
2040 551 2082 598 ac

1095 623 1329 716 pollicentur,
1356 624 1458 692 illum
1479 625 1557 692 lore
1576 618 1668 691 nibil
1692 624 1810 694 minus
1836 649 1944 718 quam
1962 628 2081 719 i'ngra·

1095 738 1184 796 tum.
1216 726 1314 818 Quin
1329 725 1436 794 etiam
1457 716 1675 816 obligabitur
1690 724 1940 811 iureiurando,
1966 730 2082 820 prius-

1096 851 1205 921 quam
1228 851 1248 895 a
1274 852 1332 896 me
1353 828 1515 911 iuvetur,
1542 826 1706 920 quamvis
1729 828 1865 923 alioqui
1878 846 2082 907 servaturus

1096 930 1142 999 sit
1168 931 1296 1011 fidem,
1343 941 1469 1020 utpote
1503 954 1645 999 summo
1679 933 1850 1002 beneficio
1885 934 2080 1008 devinctus.

1096 1030 1165 1100 Sed
1184 1031 1270 1125 quid
1294 1056 1433 1101 mecum
1458 1032 1521 1101 diu
1537 1032 1705 1123 disputo?
1730 1047 1869 1117 metuo,
1897 1061 1988 1129 quae
2007 1063 2083 1107 non

1098 1145 1180 1203 suut
1196 1136 1399 1203 metuenda.
1439 1131 1500 1202 llle
1518 1160 1575 1203 me
1590 1134 1749 1224 legitimo
1767 1136 2000 1207 matrimonio
2015 1140 2083 1210 sibi

1097 1234 1255 1304 iunctam
1274 1238 1491 1306 adducturus
1511 1237 1615 1306 estin
1632 1237 1840 1322 Graeciam,
1863 1239 1925 1308 ubi
1942 1266 2004 1311 ero
2028 1265 2083 1312 ce-

1097 1336 1205 1407 lebris
1222 1350 1257 1406 et
1276 1333 1466 1407 honorata.
1518 1337 1615 1428 Ergo
1632 1339 1815 1411 discedens
1833 1342 1993 1412 deseram
2016 1368 2083 1436 ego

1099 1439 1252 1529 patriam
1278 1453 1313 1509 et
1334 1439 1548 1530 parentem?
1597 1439 1694 1533 Quid
1718 1443 1818 1512 tum?
1857 1456 1961 1535 pater
1986 1447 2083 1515 enim

1099 1553 1151 1610 est
1173 1564 1296 1631 asper,
1328 1547 1441 1612 durus
1454 1540 1521 1639 ⁷⁰),
1557 1556 1591 1612 et
1612 1543 1799 1629 immanis,
1831 1558 1866 1613 et
1890 1548 2006 1637 patria
2032 1559 2085 1619 est

1098 1643 1264 1713 barbara.
1309 1643 1411 1713 Hanc
1424 1645 1573 1714 mutabo
1591 1644 1739 1716 meliore
1757 1660 1792 1715 et
1808 1647 1958 1719 cultiore
1975 1662 2084 1736 terra,

1100 1768 1267 1835 magnam
1315 1746 1474 1816 nominis
1528 1747 1768 1818 celebritatem
1819 1764 2085 1845 consequutura

1101 1848 1197 1937 apud
1212 1844 1487 1918 humanissimas
1511 1862 1651 1939 gentes,
1678 1846 1745 1921 hae
1771 1851 1942 1922 nimirum
1966 1854 2085 1936 laude,

1101 1950 1198 2041 quod
1222 1949 1297 2039 ipsa
1314 1948 1361 2041 ⁷¹)
1388 1950 1608 2021 Graecorum
1630 1953 1779 2023 salutem
1801 1955 1939 2045 patriae
1958 1967 2000 2024 et
2023 1977 2085 2044 pa-

1101 2050 1196 2119 renti
1219 2051 1395 2120 anteferre
1420 2075 1495 2120 non
1517 2055 1730 2125 dubitarim:
1772 2057 1942 2150 quodque
1967 2051 2087 2125 adhue

1100 2152 1214 2242 pluris
1229 2154 1345 2234 facio,
1371 2147 1537 2224 habitura
1554 2181 1632 2227 sum
1649 2158 1756 2226 talem
1770 2160 1954 2242 maritum,
1977 2182 2086 2252 quem

1103 2277 1183 2322 cum
1205 2255 1372 2325 omnibus
1394 2257 1522 2346 opibus
1545 2271 1580 2326 et
1594 2260 1714 2348 regnis
1729 2284 1804 2329 nou
1821 2262 2086 2330 commutarim.

1102 2355 1171 2423 Sed
1188 2356 1371 2445 navigatio
1391 2358 1577 2427 subeunda
1594 2362 1749 2430 deterret
1763 2387 1836 2442 me;
1864 2364 1972 2432 audio
1989 2363 2086 2431 enim

1102 2454 1139 2521 in
1162 2455 1255 2522 mari
1277 2480 1350 2525 esse
1375 2471 1559 2542 monstra,
1590 2462 1709 2531 nescio
1735 2489 1839 2557 quac.
1896 2463 1974 2555 Ego
1999 2487 2085 2532 vero

1103 2554 1194 2624 nibil
1209 2580 1333 2625 moror
1348 2558 1529 2649 pericula,
1545 2586 1779 2658 quaecunque
1795 2562 1886 2635 mihi
1899 2567 2086 2637 subeunda

1103 2670 1203 2736 sunt;
1229 2682 1290 2726 ero
1307 2660 1458 2728 enimin
1482 2663 1670 2754 complexu
1690 2679 1725 2736 et
1748 2670 1884 2758 gremio
1909 2669 2020 2761 ipsius
2035 2664 2089 2735 la·

1102 2759 1199 2830 sonis
1220 2784 1342 2830 secura
1361 2773 1425 2831 etc.

1203 2862 1320 2932 Porro
1346 2864 1385 2932 in
1410 2866 1479 2935 line
1496 2862 1602 2937 buius
1618 2868 1870 2960 disputationis
1886 2871 1981 2959 apud
2000 2868 2088 2937 Ovi-

1103 2963 1201 3033 dium
1220 2965 1292 3033 duo
1308 2962 1424 3036 adbuc
1443 2970 1664 3040 observanda
1680 2984 1780 3040 sunt:
1807 2973 1973 3055 alterum,
1990 2972 2087 3065 quod

1104 3067 1155 3135 ait
1180 3066 1276 3161 (Vss.
1291 3066 1341 3138 69
1356 3070 1445 3163 sq.):

1548 3195 1757 3286 speciosaque
1771 3196 1909 3262 nomina
1923 3194 2038 3280 eulpae

1152 3293 1320 3379 Imperia,
1346 3294 1489 3376 Medea,
1515 3303 1604 3363 tuoe.

1103 3450 1187 3495 nam
1216 3427 1430 3523 plerumque
1458 3430 1518 3511 lit,
1559 3441 1600 3498 ut
1622 3430 1789 3503 scelerate
1816 3429 1917 3500 lactis
1948 3425 2090 3500 bonesti

1105 3541 1139 3596 et
1163 3530 1313 3617 speciosi
1338 3529 1433 3598 tituli
1457 3532 1759 3619 praetendantur3
1791 3531 1963 3608 alterum,
1991 3530 2089 3621 quod

1104 3630 1249 3718 fingitur
1270 3629 1364 3696 ratio
1388 3629 1533 3720 quidem
1559 3630 1700 3698 vincere
1723 3628 1888 3711 affectus,
1915 3631 1976 3699 sed
2005 3653 2090 3698 ocu·

1104 3731 1222 3798 lorum
1237 3752 1359 3797 sensus
1375 3731 1461 3796 dare
1477 3752 1600 3799 rursus
1615 3732 1708 3800 vires
1722 3730 1905 3800 affectibus
1924 3729 2088 3822 (Vsum.

1104 3830 1164 3901 73.
1193 3829 1410 3923 76-83.);

1255 3954 1457 4021 anteuenias
1472 3961 1618 4033 rectum,
1643 3954 1834 4045 pietasque,
1858 3956 2028 4047 pudorque

1155 4056 1402 4137 corraderent,
1427 4063 1458 4123 er
1474 4057 1560 4121 vieta
1574 4055 1676 4122 dabat
1692 4057 1763 4122 iam
1774 4065 1870 4143 terga
1886 4058 2021 4143 Cupido.

1154 4159 1199 4227 Et
1224 4158 1293 4223 iam
1314 4156 1449 4271 fractas
1463 4154 1510 4250 ⁷²)
1534 4165 1627 4239 erut,
1651 4157 1832 4251 pulsusque
1855 4162 2026 4229 resederat
2040 4157 2087 4252 ⁷³)

1509 4261 1614 4327 ardor

1154 4365 1236 4432 Gom
1256 4365 1344 4431 videt
1371 4364 1562 4431 Aesoniden
1569 4392 1582 4445 3
1619 4310 1838 4505 &tinctaque
1860 4362 2001 4450 flamma
2033 4384 2089 4429 re-

1512 4465 1547 4532 be
1582 4468 1591 4484 ’
1621 4465 1635 4505 ⁷

1153 4569 1199 4634 Et
1212 4566 1352 4634 rubuere
1364 4589 1489 4654 pereae,
1515 4475 1645 4658 toiiieiue
1652 4465 1836 4636 lbeondue't
1851 4589 1919 4635 ore.

1155 4672 1198 4737 Ut
1212 4670 1294 4738 soter
1308 4693 1330 4738 a
1344 4672 1452 4738 ventis
1466 4671 1629 4739 alimento
1642 4691 1810 4738 resumere
1826 4667 1892 4762 ⁷⁴),
1916 4688 2064 4760 quaeque

1101 4798 1307 4815 —-

1134 4861 1187 4983 ⁷⁰}
1207 4860 1305 4983 dlurm]
1331 4861 1373 4915 alo
1396 4864 1473 4914 recte
1496 4864 1547 4916 [td.
1569 4863 1645 4913 toto.
1664 4863 1706 4923 Μ
1736 4862 1820 4911 reta.
1842 4859 1918 4911 1665.
1938 4870 1982 4924 e.,
2011 4858 2090 4913 1659.

1189 4944 1221 4982 ur
1234 4944 1277 4982 oa.

1135 5033 1185 5101 ⁷1)
1203 5035 1279 5098 ipss]
1291 5034 1332 5086 uo
1344 5034 1429 5086 reret.
1445 5033 1519 5085 raso.
1536 5035 1572 5099 a,
1592 5032 1687 5098 rasa,
1705 5032 1753 5081 ra.
1770 5030 1846 5081 rasa.
1860 5041 1884 5081 a.
1899 5030 1987 5082 mare:
2005 5028 2073 5093 [με.

1135 5137 1184 5205 72)
1208 5139 1326 5204 fractus
1343 5165 1377 5177 -
1395 5139 1560 5199 resederat]
1586 5136 1626 5187 aie
1643 5135 1729 5189 Etttt.
1751 5134 1845 5198 labb,
1877 5134 1971 5199 ¹659.;
2008 5133 2091 5186 Ovld·

1168 5209 1219 5260 Ed.
1236 5208 1341 5259 Mitem.
1360 5207 1452 5272 fortis
1469 5232 1504 5243 ·-
1520 5208 1676 5258 resideret.

1135 5308 1184 5376 ra)
1213 5310 1340 5429 eaeque]
1371 5310 1413 5360 aa
1434 5309 1520 5360 rores
1542 5309 1634 5375 ross„
1669 5308 1765 5372 rasa,
1799 5307 1878 5360 ovrr.
1903 5307 1952 5359 rr.
1976 5304 2089 5361 uiuo.

1169 5392 1256 5431 sevi&
1284 5414 1290 5427 .

1135 5478 1184 5546 n)
1208 5484 1368 5543 resumere]
1392 5448 1433 5532 a.
1457 5480 1541 5534 rora.
1561 5480 1654 5550 raas,
1681 5480 1775 5549 raaa.;
1808 5479 1888 5533 ovrr.
1912 5479 1963 5534 rr.
1981 5475 2088 5528 moer.

1171 5562 1302 5603 88818111θῖ
1302 5564 1325 5603 θ.
2023 5562 2026 5567 ⁵
