4762 6008
82 260 159 336 'tat

80 428 272 527 Paulus¹¹)
299 429 435 524 inquit:
473 429 591 501 Simus
617 428 793 511 contenti,
827 423 998 495 habentes
1023 422 1077 490 vi-

83 549 181 606 ctum
198 547 233 604 et
250 533 441 616 amictum,
466 533 592 619 idest,
617 531 815 602 necessaria
834 542 899 598 etc.
924 550 1001 595 uon
1017 549 1076 595 su·

81 661 326 732 pervaeanea,
348 641 412 711 tat
437 640 480 711 bc
506 635 545 727 itt
570 637 790 728 pompant
815 652 881 706 aar
895 630 1077 721 splendor.

83 740 193 811 Multi
216 740 333 811 nostri
358 752 524 830 parentes
547 740 762 809 defraudant
790 760 894 806 auum
919 733 1077 824 genium,

84 844 228 913 tenuius
248 857 283 911 et
299 842 423 913 durius
450 842 633 925 victitant,
659 852 701 910 nt
722 840 837 909 nobie·
845 843 1079 926 compareant

83 946 223 1040 aliquid
242 946 290 1014 ad
315 944 432 1016 studia
461 957 527 1015 etc.

188 1047 347 1119 Historia
379 1050 425 1117 dc
450 1048 641 1115 laudatore
676 1042 886 1112 divitiarum
919 1038 1078 1108 Bellero-

83 1145 224 1242 phonte
241 1150 312 1248 ¹¹⁸)
345 1162 381 1219 et
414 1150 490 1218 eins
530 1147 656 1238 poenis
693 1159 745 1215 eet
779 1148 875 1234 apud
906 1141 1077 1212 Senecam

83 1253 180 1323 libro
202 1255 264 1327 21.
288 1252 558 1345 Epistularum,
582 1250 733 1340 epistola
755 1243 945 1339 prima”):

204 1371 327 1422 Pecunia
343 1370 443 1434 iugem
463 1367 575 1431 generis
599 1366 708 1416 tunam
724 1367 836 1427 benun,

207 1440 260 1491 Cui
276 1450 331 1491 nou
348 1440 478 1500 voluptas
492 1436 593 1487 matris
611 1439 659 1485 eut
679 1435 795 1484 alanne
813 1433 906 1494 potest

208 1507 265 1558 Par
284 1520 347 1557 esse
366 1505 471 1569 protis,
491 1517 545 1555 nou
566 1515 645 1555 sacer
666 1502 772 1552 meritis
790 1512 907 1563 pareus:

208 1577 240 1626 st
257 1578 315 1625 tam
331 1576 450 1625 venusta
466 1577 511 1623 eet
528 1571 704 1623 aromatitis
723 1565 878 1629 venusin,

209 1645 310 1694 Merito
331 1644 382 1695 itta
398 1654 509 1694 errores
528 1642 657 1693 coelitum
677 1643 761 1704 atem
772 1640 911 1690 homiuum
924 1638 1026 1688 novet.

190 1730 317 1812 idest,
341 1731 498 1799 Pecunia
525 1727 563 1815 ili
590 1729 688 1802 [tebet
714 1734 797 1801 benit
822 1727 953 1814 iteret.
978 1723 1078 1801 illiti:

86 1846 155 1925 tet,
188 1835 313 1908 &lubet
339 1846 406 1904 etc.
457 1832 565 1901 Multi
587 1834 758 1917 ¹scelerate
783 1831 922 1899 faciunt
953 1840 1077 1896 contra

85 1951 254 2031 parentes
284 1960 408 2005 amore
438 1935 623 2026 pecuniae.
677 1933 809 2023 Magna
843 1944 897 2003 est
925 1930 1078 2011 insania,

87 2044 235 2135 quando
250 2038 506 2129 extinguuntur
522 2038 561 2106 in
574 2033 722 2106 homine
737 2029 913 2134 στοργαὶ,
940 2045 981 2103 ut
1000 2033 1078 2125 plu-

85 2145 138 2216 ris
158 2143 267 2215 saciat
293 2139 551 2233 pecuniam¹⁷).

188 2246 396 2339 Sequuntur
420 2247 526 2313 verba
554 2244 707 2311 Senecae
717 2240 782 2336 ¹⁸):
819 2240 910 2310 Cum
938 2235 976 2309 hi
1000 2262 1079 2306 ver·

87 2372 147 2421 sus
161 2350 200 2419 in
213 2347 387 2438 Euripide
396 2347 443 2440 ¹⁹)
459 2345 683 2436 pronuntiati
700 2356 829 2431 essent,
854 2354 951 2412 totus
965 2364 1080 2432 popu·

87 2452 144 2525 lus
168 2454 214 2522 ad
236 2450 452 2521 eiiciendum
469 2461 505 2514 et
529 2460 685 2513 actorem
708 2457 744 2511 et
765 2467 910 2511 carmen
935 2464 1080 2509 consur-

86 2555 181 2623 rexit
207 2575 282 2623 uno
309 2551 467 2641 impetu,
492 2550 607 2615 donec
627 2544 818 2635 Euripides
849 2542 984 2633 ipsein
1009 2564 1082 2607 rne-

87 2657 191 2726 dium
214 2651 388 2745 prosiliit,
414 2663 536 2742 petens
561 2662 598 2716 nt
623 2644 879 2741 spectarent⁸⁸)
903 2646 1082 2713 viderent-

87 2781 173 2852 que,
191 2779 296 2849 quem
314 2753 513 2822 admirator
531 2751 609 2819 auri
626 2751 758 2819 exitrrm
775 2750 919 2817 laceret.
946 2747 1082 2840 Quam-

88 2882 198 2954 quam
234 2856 358 2925 crescit
384 2854 601 2947 petulantia,
629 2853 726 2947 quod
752 2850 968 2920 differuntur
996 2874 1082 2942 poe·

87 2985 179 3045 nae,
211 2970 334 3027 tamen
360 2959 454 3041 scio,
484 2958 582 3051 qnod
610 2956 732 3027 statim
763 2954 909 3022 venient
932 2977 1079 3045 poenae.

88 3060 144 3133 ita
168 3061 298 3130 intuta
316 3063 387 3130 vita
413 3063 619 3129 intucamur
636 3071 670 3126 et
695 3070 917 3150 expectemus
936 3057 1081 3126 critiam.

89 3166 186 3236 Mala
213 3162 360 3234 consilia
375 3163 480 3231 initio
504 3176 587 3233 sunt
609 3162 758 3240 blanda,
785 3163 844 3230 sed
865 3161 978 3229 exitus
999 3171 1081 3228 sunt

89 3267 275 3366 tristes²¹).
302 3258 666 3353 Dabatinillalaliula
681 3257 1081 3356 poenasBellerophou-

90 3368 225 3466 tesfl),
259 3370 409 3464 quasin
439 3395 501 3439 sua
535 3370 686 3463 quisque
718 3370 789 3436 dat.
844 3359 905 3437 oid
926 3362 955 3437 τ’
986 3360 1081 3459 ἀνὴρ

469 252 655 326 rxxun
707 248 996 325 capricana
1022 232 1403 323 srnrnurnnnu
1430 244 1735 320 rnroonrnrs.

2042 226 2118 320 1e'4

1127 422 1183 492 nis
1213 420 1336 502 bonis,
1376 421 1608 503 defraudare,
1653 418 1726 489 sive
1754 423 1910 513 petendo
1937 431 2118 503 mutuum,

1127 526 1202 594 sive
1217 525 1393 609 iurando,
1419 545 1635 617 quocunque
1652 524 1762 593 modo
1780 524 1951 594 invadere
1967 523 2004 591 in
2020 523 2117 591 bona

1128 627 1244 696 aliena
1268 626 1378 695 variis
1399 624 1577 708 artificiis,
1602 636 1643 695 ut
1666 626 1866 711 stelliones,
1893 626 1976 722 quia
2000 624 2117 695 stellio

1129 742 1181 800 eat
1203 729 1417 798 maculosus.

1230 846 1308 920 Vss.
1323 841 1552 920 719-725.
1583 844 1741 941 Aequale
1759 860 1811 918 est
1829 846 2012 932 divitibus,
2039 846 2118 942 qui-

1128 950 1194 1021 bus
1209 951 1361 1020 multum
1381 963 1433 1020 est
1455 949 1592 1041 argenti
1617 961 1651 1018 et
1673 951 1772 1035 auri,
1799 962 1834 1019 et
1858 951 1974 1042 campi
2000 962 2117 1019 terrae

1129 1053 1312 1143 gignentes
1332 1053 1510 1136 triticum,
1539 1066 1573 1120 et
1594 1052 1697 1147 equi,
1725 1065 1759 1123 et
1780 1054 1885 1138 muli,
1912 1067 1946 1122 et
1970 1053 2027 1123 cui
2055 1076 2118 1122 ne-

1130 1156 1280 1227 cessaria
1314 1156 1463 1236 adsunt,
1502 1155 1640 1238 ventri,
1690 1156 1861 1226 lateribus
1896 1168 1931 1224 et
1969 1156 2118 1247 pedibus

1131 1258 1287 1328 molliter
1304 1258 1424 1337 adlici;
1450 1256 1513 1325 lilii
1528 1270 1563 1326 et
1578 1278 1727 1341 uxores,
1741 1261 1899 1351 ‘quando
1915 1259 2015 1328 venit
2029 1270 2119 1328 tem·

1084 1408 1087 1414 -
1129 1362 1313 1452 pestivitas
1337 1385 1482 1441 eornm,
1510 1360 1563 1453 (id
1591 1372 1662 1443 est,
1688 1365 1834 1454 quando
1856 1386 1947 1453 puer
1970 1374 2006 1431 et
2027 1384 2119 1430 uxor

1132 1464 1284 1553 indiget,
1316 1475 1351 1531 et
1375 1462 1480 1532 simul
1512 1463 1656 1555 quando
1681 1475 1734 1531 est
1755 1476 1852 1532 aetas
1873 1464 2117 1560 conveniens).

1130 1566 1225 1634 Haec
1243 1579 1325 1635 sunt
1341 1566 1487 1633 divitiae
1510 1560 1736 1648 homiuibus,
1763 1564 1843 1658 (de
1861 1564 1974 1660 paint,
2000 1567 2047 1635 ad
2069 1566 2118 1634 le-

1129 1694 1208 1760 gem
1236 1682 1387 1741 naturae
1405 1668 1601 1757 composita
1620 1669 1841 1765 paupertas).

1230 1786 1309 1858 Vss.
1335 1782 1409 1861 725
1426 1827 1477 1840 -
1492 1786 1578 1860 728.
1630 1786 1758 1859 Nullus
1784 1787 1938 1859 moritur
1961 1789 2119 1860 retinens

1129 1915 1210 1962 suas
1238 1890 1434 1982 superfluas
1463 1914 1548 1982 opes
1578 1890 1632 1983 (id
1664 1902 1736 1974 est,
1772 1893 1918 1986 qnando
1951 1892 2119 1976 moritur,

1130 1989 1220 2063 nihil
1244 2019 1363 2064 secum
1380 1992 1533 2087 aufert),
1559 2016 1674 2086 neque
1699 1995 1788 2063 dans
1805 1995 1962 2086 pretium
1987 1995 2119 2085 effuge-

1129 2110 1185 2168 ret
1201 2109 1367 2179 mortem,
1393 2120 1510 2188 neque
1527 2120 1652 2185 graves
1668 2096 1827 2181 morbos,
1852 2120 1969 2191 neque
1984 2097 2119 2166 malam

1129 2212 1310 2272 senectam
1335 2200 1553 2268 venientem.

1232 2317 1310 2391 Vae.
1318 2318 1390 2389 751
1410 2344 1488 2413 sqq.
1529 2314 1619 2388 XLI.
1646 2317 1800 2409 Querela
1819 2320 1862 2387 de
1879 2316 2121 2409 providentia.

1233 2422 1296 2490 Est
1312 2422 1441 2490 usitata
1460 2422 1618 2514 querela,
1646 2444 1737 2513 quae
1754 2420 1861 2489 etiam
1877 2422 1986 2491 totius
2004 2421 2122 2490 Eccle-

1132 2520 1248 2590 siastis
1280 2536 1530 2610 argumentum
1561 2537 1623 2593 est.
1682 2523 1918 2592 Providentia
1951 2537 2002 2594 est
2029 2525 2121 2593 iuste

1133 2646 1276 2713 regere,
1300 2625 1386 2691 dare
1403 2626 1498 2692 bona
1513 2626 1636 2706 bonis,
1663 2626 1758 2694 mala
1773 2627 1899 2711 malis,
1919 2639 2039 2696 sontes
2056 2651 2122 2717 pu·

1133 2727 1211 2794 nire
1235 2737 1270 2794 et
1286 2728 1480 2794 concedere
1495 2726 1744 2817 impunitatem
1764 2752 1838 2796 non
1856 2729 2030 2799 sontibus.
2081 2726 2127 2796 ln

1133 2831 1268 2898 mundo
1293 2853 1368 2897 non
1394 2841 1447 2899 est
1469 2827 1528 2896 illa
1555 2827 1709 2911 iustitia,
1736 2830 1827 2899 sicut
1849 2830 2044 2924 Dionysius
2069 2843 2123 2922 ty·

1133 2956 1268 3001 rannus
1294 2932 1433 3023 primus
1463 2930 1581 2998 maior
1613 2929 1670 2999 ille
1702 2943 1866 3001 mortuus
1896 2946 1948 3002 est
1971 2932 2123 3024 placide,

1133 3060 1207 3103 non
1231 3035 1387 3102 violenta
1408 3046 1544 3114 morte,
1572 3045 1607 3101 et
1631 3044 1752 3101 tamen
1774 3033 1840 3102 luit
1865 3058 2008 3117 saevus,
2031 3034 2123 3104 lilius

1133 3150 1254 3229 postea
1283 3150 1336 3207 est
1357 3134 1588 3229 expulsusffi).
1641 3132 1737 3226 Ergo
1759 3160 1833 3204 non
1858 3150 1909 3208 est
1931 3137 2125 3228 providen-

1133 3242 1194 3312 tia.
1245 3239 1480 3333 Respondeo:
1508 3239 1572 3309 Est
1588 3239 1719 3330 duplex
1734 3238 1877 3311 solutio.
1930 3241 2010 3309 Una
2031 3241 2124 3332 lega·

1132 3344 1186 3414 lis.
1240 3342 1340 3436 Nego
1357 3344 1555 3428 minorem,
1581 3340 1665 3436 quia
1681 3342 1718 3409 iu
1735 3345 1871 3413 mundo
1896 3345 2004 3413 etiam
2028 3356 2125 3414 atro-

90 3466 186 3571 ῥζζει
218 3472 352 3569 etc.¹¹).
420 3472 525 3543 Nun„
557 3473 651 3539 enim
684 3470 833 3539 avasgi„
864 3471 941 3539 sine
966 3493 1079 3558 poen„
1133 3446 1186 3565 cia
1214 3446 1342 3515 delicta
1366 3448 1567 3539 puniuntur
1589 3444 1835 3536 praesentibus
1860 3449 2007 3539 poenis,
2049 3447 2124 3517 sive

90 3572 212 3671 est²¹).
264 3576 426 3649 Avaritia
444 3572 513 3644 hoc
531 3575 609 3643 loco
627 3575 802 3664 significat
819 3572 979 3643 insidiari
998 3571 1082 3639 alie·
1105 3546 1109 3647 i
1134 3574 1171 3618 ¹¹¹
1189 3550 1338 3641 P¹⁰P¹¹⁰
1355 3576 1520 3640 ⁰⁰¹l¹⁰¹02
1537 3549 1610 3619 ⁸¹V⁰
1627 3549 1664 3615 ¹¹¹
1682 3548 1785 3617 Hills·
1837 3548 2033 3642 D¹⁰ny⁵ius
2048 3574 2124 3618 11⁰ss

87 3740 297 3764 ——4--..

126 3830 161 3878 14
196 3832 218 3881 1.
236 3829 338 3880 rimo
373 3828 399 3877 8.

125 3827 200 3978 uie)
219 3861 446 3975 Belleropirontc]
467 3913 509 3961 sic
527 3911 645 3975 scripula
664 3911 713 3961 tra.
737 3910 813 3959 1560.
831 3905 1014 3964 cresphonte.

124 4013 176 4079 15)
195 4016 292 4067 senen
310 4015 398 4076 aput
420 4016 477 4063 rra.
497 4014 635 4073 (senecae
652 4014 720 4074 opp.
745 4013 821 4062 rom.
837 4011 868 4059 ii.
893 4021 918 4070 p.
936 4006 998 4060 572.
1034 4005 1083 4056 nd.

160 4082 283 4135 ltiscvir.
309 4083 426 4131 Amstei.
449 4082 522 4131 1672.
545 4082 588 4141 8.,
614 4083 639 4128 iu
666 4091 719 4142 que
743 4080 794 4130 itd.
818 4077 952 4135 epistotae
977 4084 1031 4123 uon
1056 4074 1083 4123 iu

159 4155 251 4205 libros
270 4153 438 4202 distributae
457 4154 540 4212 aurit,
559 4150 609 4199 sed
627 4149 758 4198 coritiana
775 4147 849 4196 serie
866 4141 1068 4206 numerantur).

124 4257 174 4323 15)
191 4258 223 4309 Si
247 4259 303 4305 un
321 4278 357 4290 -
374 4255 503 4314 Venus,]
528 4253 571 4300 sic
589 4252 638 4300 nd.
660 4251 750 4312 liedda
780 4249 808 4296 in
828 4248 877 4297 Ed.
897 4246 1014 4300 illaevir.
1039 4246 1084 4294 ilc

160 4338 263 4377 verane
287 4323 390 4388 legitur
415 4323 470 4372 sic:
502 4323 568 4371 Tam
593 4322 673 4369 duicc
697 4318 940 4381 siquidveneris
961 4316 1084 4365 tunultu

159 4400 250 4448 micat.

127 4501 173 4555 17)
193 4499 222 4547 id
247 4500 305 4560 est,
330 4493 453 4544 Pecunia
481 4517 511 4526 —
537 4490 704 4550 pecuniam]
731 4489 798 4536 haec
826 4486 969 4550 explicatio
987 4487 1014 4534 iu
1035 4486 1083 4535 tid.

161 4568 235 4620 1560.
254 4564 376 4615 secundo
398 4566 425 4611 ct
443 4560 527 4612 tertio
547 4562 643 4609 horum
661 4570 791 4606 versuum
813 4557 979 4618 interposita
996 4559 1049 4605 eet.

126 4664 176 4730 18)
195 4668 228 4717 ii.
244 4679 268 4715 e.
286 4667 394 4715 Seneca
412 4663 439 4712 ln
460 4663 508 4711 iiia
527 4660 644 4722 epistole
662 4659 704 4707 iris
724 4659 853 4708 versibus
877 4661 912 4707 eir
931 4670 964 4707 eo
990 4656 1085 4706 allatis

160 4736 227 4785 iaec
242 4734 398 4785 adnotavit.

129 4819 176 4882 19)
195 4818 260 4868 Cum
278 4821 305 4868 iri
323 4832 424 4867 versus
444 4818 470 4865 in
490 4813 632 4879 Euripide]
651 4814 692 4862 sic
707 4813 759 4864 ild.
776 4813 865 4870 ladit,
885 4813 934 4863 lid.
948 4812 1084 4865 alaeue:

164 4886 231 4937 Cum
248 4889 274 4934 iri
291 4889 435 4938 novissimi
456 4899 556 4934 versere
576 4884 604 4931 iu
623 4882 768 4944 tragoedia
784 4880 932 4943 Euripidis.

124 4988 175 5047 20)
195 4991 366 5050 spectarent]
386 4990 427 5039 sic
444 4989 495 5041 aa.
518 4987 676 5049 tttn.;1td.
697 4984 831 5036 diserta:
857 4988 1042 5047 expectarent.

124 5076 176 5131 21)
197 5076 363 5136 ortamquam
383 5075 538 5123 crescit-
557 5075 621 5120 suut
647 5073 768 5129 tristes]
794 5072 861 5119 hacc
886 5073 969 5121 verba
988 5083 1006 5121 a
1023 5074 1083 5120 Me-

161 5145 293 5193 iautironc
312 5146 435 5193 Senecae
452 5142 623 5192 adnotatioui
643 5144 708 5188 suut
727 5141 889 5191 interserta.

1106 3664 1185 3733 ;est
1208 3653 1393 3742 expulsus,
1420 3655 1482 3721 sed
1508 3652 1621 3731 filius,
1647 3651 1725 3741 bald
1750 3648 1827 3743 dud)
1844 3654 2017 3726 recoleret.
2054 3651 2125 3720 Pa·

1134 3766 1188 3820 ter
1212 3755 1355 3820 monuit
1381 3777 1482 3840 eum,
1515 3777 1561 3820 ne
1583 3765 1725 3840 raperet
1756 3753 1906 3831 alterius,
1930 3755 2038 3837 filias,
2073 3754 2125 3824 ibi

1135 3854 1321 3943 respondit
1344 3853 1456 3921 filins:
1500 3853 1626 3933 Pater,
1662 3853 1730 3922 nisi
1752 3848 1821 3920 hoc
1845 3857 2019 3940 lacerem,
2048 3880 2123 3926 non

1135 3980 1246 4025 essem
1277 3957 1424 4048 tyranni
1452 3954 1555 4024 lilius.
1614 3955 1722 4023 Pater
1750 3958 1935 4045 respondit
1963 3959 2013 4027 ei:
2055 3958 2125 4030 Sed

1136 4058 1200 4128 ista
1225 4058 1378 4140 faciens,
1419 4083 1492 4126 non
1523 4055 1669 4126 habebis
1692 4071 1865 4150 tyrannos
1890 4062 1999 4153 lilios3
2034 4062 2125 4134 sicut

1135 4161 1274 4232 accidit.
1331 4160 1424 4231 Nam
1443 4161 1655 4253 Syracusani
1670 4161 1761 4230 lilios
1777 4162 1852 4233 eius
1869 4164 2125 4250 dissecuerunt,

1134 4266 1249 4355 ipsum
1270 4276 1408 4355 patrem
1431 4265 1466 4331 in
1491 4262 1633 4331 exilium
1662 4278 1844 4355 cogerunt.
1910 4267 2126 4361 Syracusani

1134 4378 1322 4435 traxerunt
1348 4393 1428 4435 eum
1455 4368 1554 4459 equis
1578 4390 1641 4457 per
1673 4366 1781 4436 viam.
1839 4365 1883 4439 ll.
1909 4370 2145 4463 Evangelica'

1134 4470 1278 4540 solutio.
1333 4470 1481 4538 Etiamsi
1506 4469 1722 4538 differuntur
1743 4495 1899 4561 poenae,
1924 4488 2045 4542 tamen
2067 4498 2123 4542 re·

1135 4586 1205 4643 stat
1227 4573 1321 4640 aliud
1341 4573 1524 4641 iudicium.
1576 4570 1622 4639 Et
1642 4584 1762 4640 tamen
1786 4574 1821 4640 in
1845 4571 1912 4644 hac
1937 4576 2007 4644 vita
2026 4575 2123 4647 Deus

1135 4688 1186 4745 est
1209 4689 1325 4746 custos
1342 4676 1507 4766 politicae
1534 4673 1709 4758 iustitiae,
1735 4687 1770 4741 et
1793 4677 1898 4765 punit
1919 4677 2124 4750 violatores.

1134 4774 2123 4872 mmmmmmmafflm

1134 4897 1276 4975 peccata
1302 4885 1443 4951 mitiora
1472 4878 1624 4949 hicnon
1650 4881 1869 4970 puniuntur,
1896 4905 1987 4972 quae
2011 4906 2124 4952 reser-

1135 4999 1265 5053 vantur
1298 4988 1341 5053 ad
1376 4987 1471 5053 aliud
1506 4986 1618 5051 uirrlto
1644 4982 1785 5072 gravius
1809 4994 1843 5050 et
1868 4982 2003 5054 tristius
2031 4985 2125 5058 iudi-

1134 5090 1247 5169 cium,
1272 5087 1536 5178 Epicureisruus
1551 5099 1585 5152 et
1600 5096 1824 5173 conlemptus
1841 5084 1909 5152 Dei
1933 5101 1997 5158 etc.
2051 5087 2124 5160 Ta·

123 5229 438 5350 np‘sseiiqropiroutes]
468 5227 510 5276 eie
531 5230 654 5277 senem
677 5225 730 5276 red.
753 5227 892 5285 Etacvir.;
929 5226 979 5278 ild.
1007 5226 1081 5276 1560.
1132 5217 1214 5261 ¹1¹0ss
1232 5192 1337 5260 eliam
1354 5191 1451 5260 Deus
1468 5185 1716 5279 Pl¹¹¹¹¹³¹¹0c¹¹¹
1734 5187 1859 5257 delicia
1877 5193 2124 5283 praesentibus

188 5304 362 5351 restantes.

122 5382 172 5442 23)
192 5314 268 5434 linire
286 5387 373 5434 verba
392 5392 497 5445 graeca
514 5379 671 5429 Melantion
690 5378 799 5457 adiecit.

121 5469 172 5530 24)
189 5482 280 5534 poena
298 5472 366 5531 eat]
385 5470 426 5519 irie
446 5472 567 5518 Serrecae
583 5465 725 5515 adnotatio
743 5464 768 5516 ir.
788 5464 806 5514 i.
825 5464 928 5515 linitur.

1165 5456 1214 5524 25)
1234 5458 1383 5520 Dionysius
1400 5453 1433 5506 11.
1452 5465 1469 5503 a
1487 5452 1575 5593 Diorr9e
1586 5454 1725 5559 ²'qxpuiaus
1744 5459 1789 5507 cst
1807 5466 1831 5509 a.
1851 5456 1903 5509 ³57
1922 5468 1948 5511 a.
1968 5458 2033 5513 cor.
