4762 6008
94 359 171 430 637
399 355 487 428 XCI.
538 354 822 430 ENARRATIO
853 354 980 426 LIBRI
1007 354 1097 428 x111.
1131 352 1604 428 METAMORPHOSEON
1637 354 1797 432 OVlDll.
2033 362 2107 436 638

92 528 217 598 eodem
231 521 332 598 hoste
355 527 531 617 perditam
554 553 649 613 esse,
676 552 697 597 a
720 553 791 623 quo
814 527 950 613 caeteri,
964 527 1075 619 ipsius
1182 534 1306 623 Totque
1318 539 1392 598 tuos
1409 532 1495 597 idem
1510 528 1660 616 fratres,
1685 542 1718 599 te
1730 532 1880 619 perdidit
1893 535 1998 616 uem,

90 628 195 699 liberi
215 628 287 699 siut
309 628 460 719 perditi,
485 629 522 699 id
546 632 642 725 quod
665 630 852 721 inprimis
874 642 951 698 erat
973 629 1076 701 mise-
1099 566 1104 709 i
1178 634 1336 699 Exitissm
1356 635 1479 698 Troiae
1493 635 1664 724 nostrique
1679 634 1833 713 orbator,
1860 635 2018 703 Achilles.

91 732 260 801 randum.
311 732 368 800 Ad
383 725 490 814 baec,
522 732 711 802 collatione
732 734 885 802 aliorum
911 744 1016 800 vocat
1037 712 1103 819 se!
1176 737 1411 824 Atpostquam
1428 731 1745 819 coadunatam
1762 735 1948 826 Phoebique
1961 740 2107 823 sapidis,

90 830 254 902 omnium
271 830 527 918 miserrimam,
551 859 723 928 suamque
737 835 915 928 privatam
931 832 1075 903 calami·
1175 838 1278 902 Nunc
1289 844 1376 902 certe
1389 836 1469 902 dixi
1477 886 1488 915 ,
1515 857 1582 901 uon
1594 846 1645 903 est
1660 838 1853 906 metuendus
1867 838 2025 905 Achilles.

88 946 200 1005 tatem
231 932 319 1003 dicit
344 935 485 1025 publica
516 937 719 1007 calamitate
752 937 953 1026 graviorem
980 959 1073 1016 esse;
1175 937 1276 1003 Nunc
1307 958 1431 1027 quomu
1463 941 1513 1002 mt
1546 940 1739 1006 metuendus
1763 948 1850 1007 erat.
1916 940 2011 1008 Ciuis
2038 941 2109 1024 ipse

88 1057 174 1104 nam
194 1059 315 1106 eversa
329 1038 417 1106 urbe
435 1036 611 1127 publicam
632 1039 873 1108 calamitatem
896 1060 971 1108 esse
994 1036 1074 1105 lini·
1428 1038 1549 1124 sepulti

89 1150 182 1216 tam;
211 1161 359 1208 severo
382 1142 544 1209 nondum
569 1140 830 1211 calamitatibus
854 1138 927 1211 suis
949 1139 1073 1208 delun·
1175 1140 1218 1204 lu
1244 1159 1352 1223 penus
1382 1138 1442 1204 lsoc
1467 1142 1592 1220 saevit,-
1634 1141 1760 1207 tremulo
1790 1163 1914 1233 ipsoque
1943 1142 2109 1208 sensimus

88 1251 184 1309 ctam
206 1263 291 1311 esse.
348 1239 393 1309 Se
415 1241 501 1309 olim
517 1256 699 1332 potentem
722 1266 763 1310 ac
786 1240 943 1322 felicem,
976 1263 1073 1309 nunc
1431 1241 1575 1307 bostem.-

89 1341 252 1417 omnium
285 1340 561 1423 infelicissimam
598 1369 639 1413 ae
672 1343 930 1424 miserrimam,
966 1339 1072 1409 avelli
1175 1340 1342 1407 Aeacidae
1355 1338 1519 1426 foecunda
1533 1339 1600 1429 fui.

87 1467 236 1513 ⁵⁰⁰¹¹¹¹¹1
252 1443 420 1527 issmulss·
440 1439 534 1513 trahi
550 1448 675 1536 Procul
691 1472 710 1515 ὃ
726 1445 843 1536 patria
859 1446 898 1513 i¹²
921 1443 1072 1514 ⁸ervilu·
1122 1454 1197 1526 Hos
1219 1455 1314 1524 enim
1331 1481 1453 1528 versus
1472 1459 1521 1528 ita
1540 1454 1788 1549 reprehendit:
1816 1459 1905 1528 Cum
1922 1459 2104 1551 Polyxena

87 1557 181 1629 iem,
207 1540 333 1615 haberi
357 1545 535 1630 ludibrio,
568 1572 609 1616 ac
634 1549 806 1640 praebere
829 1544 1071 1617 triSiiSSlmum
1123 1557 1258 1651 (inquit
1276 1558 1369 1655 αὖ.»
1393 1573 1482 1629 esset
1503 1562 1656 1630 adducta
1680 1561 1819 1630 tumulo
1834 1557 2003 1643 Achillis,
2036 1559 2106 1628 He.

85 1647 325 1738 spectaculum
344 1671 466 1717 rerum
480 1645 733 1721 humanarum.
785 1650 974 1718 Postremo
998 1649 1071 1715 duo
1095 1651 1101 1781 1
1124 1660 1210 1728 cuba
1235 1659 1342 1729 dixit:
1383 1664 1471 1731 etna,
1495 1666 1564 1750 ,με
1581 1664 1701 1751 ,epum
1722 1668 1760 1733 5„
1776 1687 1884 1753 ww,
1907 1664 1967 1732 go,
1989 1666 2106 1745 mg,

85 1751 244 1819 suntad
282 1752 497 1820 movendam
527 1752 565 1820 in
600 1754 670 1821 noe
711 1748 1073 1830 commiserationem,
1124 1774 1265 1851 poterat
1295 1787 1368 1833 esse
1399 1776 1604 1843 contemne
1643 1766 1787 1832 adiecit:
1828 1769 2108 1859 cirumquaque

85 1850 191 1918 valde
201 1844 398 1940 Paiheficffl
418 1853 583 1937 alierum,
592 1856 655 1924 Ubi
664 1853 826 1948 queritur
841 1855 884 1921 de
899 1874 961 1922 ⁸¹1³
973 1850 1072 1918 Viva·
1123 1867 1288 1934 sensimus
1310 1867 1455 1948 hostem
1495 1890 1610 1959 neque
1631 1860 1701 1934 hoc
1724 1877 1929 1948 contentus,
1962 1865 2106 1932 adiecit:

87 1952 213 2035 citate,
236 1952 335 2044 quod
346 1954 464 2045 frangi
480 1956 665 2028 doloribus
681 1969 714 2025 et
732 1955 887 2045 extingui
904 1963 1072 2045 nequeat,
1124 1969 1291 2035 Aeacidae
1303 1965 1467 2054 foecunda
1479 1966 1546 2056 suff,
1598 1966 1675 2057 Ego
1696 1991 1782 2036 vero
1806 1968 1921 2035 mil-0,
1934 1966 2107 2035 senecam

85 2055 147 2125 “d
167 2068 367 2125 merlam
383 2055 545 2147 Plurimi
571 2059 696 2137 malit,
720 2057 931 2147 praedicans
950 2077 968 2121 ὃ
989 2075 1073 2121 ⁰⁰1¹·
1096 2044 1101 2097 ¹
1123 2067 1162 2133 in
1183 2068 1316 2137 Ovidio
1341 2067 1379 2135 id
1398 2066 1680 2159 reprehendere,
1715 2070 1813 2162 quod
1835 2081 1870 2137 et
1893 2067 2046 2158 Virgilio
2071 2077 2107 2136 et

87 2155 199 2225 trario
223 2157 428 2227 felicitatem
456 2160 597 2244 mariti,
636 2161 699 2254 qui
721 2172 837 2228 morte
862 2168 1005 2248 ereptus
1026 2153 1073 2224 eit
1124 2168 1288 2238 ciceroni
1311 2169 1481 2239 usitatum
1499 2185 1571 2253 031,
1597 2183 1704 2264 atque
1726 2171 1765 2238 in
1789 2169 2026 2260 primislaudi
2044 2171 2109 2236 da.

88 2258 254 2330 ⁰m¹¹ib⁰⁸
277 2255 333 2328 hit
362 2258 486 2339 mali&
521 2262 693 2342 alterum,
723 2260 1072 2348 111ὶῑᾶθΡῙθῐῑὶῑὸῢῐ·
1124 2282 1193 2341 tur.
1237 2272 1341 2339 Anne
1357 2272 1514 2343 eiusdem
1530 2272 1668 2363 generis
1683 2283 1736 2342 est
1748 2271 1837 2341 illud
1851 2270 2108 2361 Virgilianum:

88 2372 158 2431 tem
175 2360 288 2441 filiae,
315 2360 413 2452 quod
429 2360 461 2427 ei
474 2383 549 2427 non
571 2360 760 2449 contigerit
776 2359 900 2427 eadem
914 2359 1072 2436 fortuna,
1225 2385 1296 2448 outa
1312 2398 1381 2450 puer
1397 2383 1559 2439 mulne
1576 2382 1749 2453 „,„„„„p
1767 2392 1795 2439 ,ι
1815 2388 1939 2439 vescitur
1955 2398 2026 2438 ,m
2037 2382 2074 2447 ιι)

87 2485 180 2554 quae
190 2459 337 2530 caeteris
345 2460 610 2530 Priamiliberis
622 2472 743 2528 tamen
756 2460 919 2549 contigit:
945 2479 1073 2545 nempe
1227 2465 1378 2522 sestertii
1400 2485 1453 2523 nso
1469 2474 1559 2524 satae
1575 2474 1731 2526 crudelibus
1750 2477 1863 2527 amatu
1881 2468 2008 2525 usurus
2024 2470 2064 2536 η)

87 2575 130 2632 ut
161 2563 200 2631 io
231 2562 348 2652 patria
382 2557 531 2632 honeste
565 2562 810 2654 sepelirentur.
883 2559 1073 2629 Caeterum
1124 2557 1216 2627 Nam
1231 2558 1281 2625 ibi
1299 2555 1593 2631 cum‘nihilaliud
1608 2576 1821 2656 quaeratur,
1847 2562 1918 2629 nisi
1934 2585 1980 2628 an
1995 2555 2112 2628 adhuc

87 2663 235 2735 Hecuba
257 2664 404 2755 lingitur
430 2687 599 2735 conversa
622 2664 660 2732 in
679 2687 824 2746 canem,
850 2663 906 2731 vel
922 2671 1073 2755 propter
1124 2658 1223 2728 vivat
1242 2659 1434 2744 Ascanius,
1475 2675 1597 2731 tamen
1628 2665 1751 2733 eadem
1772 2688 1829 2735 res
1862 2676 1917 2732 ter
1938 2661 2111 2732 variatur.

89 2768 272 2861 quandam
301 2764 413 2835 animi
438 2766 666 2836 acerbitatem
697 2779 732 2835 et
759 2764 918 2849 rabiem,
959 2762 1075 2834 solent
1124 2760 1213 2830 Erat
1235 2762 1380 2854 quidem
1405 2764 1507 2834 satis:
1543 2776 1742 2854 superatum
1768 2769 1829 2835 sed
1854 2764 1971 2835 addit:
2004 2767 2113 2834 vessi-

90 2869 187 2939 enim
211 2870 265 2938 ira
282 2868 422 2939 efferati
446 2870 554 2960 vidgo
571 2868 746 2962 appellari
761 2891 882 2946 canes;
916 2866 973 2934 vel
989 2886 1074 2954 pro·
1124 2874 1284 2934 turcum
1299 2866 1471 2943 aetherem
1499 2891 1562 2935 nec
1579 2866 1626 2962 ⁹⁸)
1648 2863 1717 2935 hoc
1733 2880 1941 2946 contentus,
1970 2865 2109 2933 adiicit:

90 2984 170 3062 pter
184 2971 359 3060 insignem
373 2983 638 3062 contemptum,
664 2972 702 3039 in
717 2996 790 3064 quo
812 2970 881 3039 fuit
902 2967 999 3058 apud
1019 2965 1075 3033 in·
1126 2989 1186 3033 uec
1210 2968 1318 3036 adhaec
1345 2971 1533 3038 crudelibus
1557 2971 1693 3039 occubat
1720 2964 1878 3038 umbris?
1919 2967 2044 3037 Cicero
2072 2965 2112 3033 in

91 3071 346 3143 solentissimos
360 3067 480 3143 hostes
497 3076 585 3142 adeo
607 3072 808 3164 despicata,
834 3083 875 3144 ut
898 3094 942 3138 ne
959 3065 1076 3137 homi·
1126 3069 1290 3137 oratione
1305 3092 1371 3159 pro
1389 3069 1556 3161 Ligario,
1582 3084 1670 3165 quot
1682 3070 1731 3168 Ι9)
1750 3071 1867 3140 verbis
1882 3071 1977 3140 idem
2003 3067 2113 3158 signi·

90 3173 147 3243 nis
170 3173 336 3267 quidem,
368 3175 431 3245 sed
453 3174 550 3246 canis
569 3175 649 3245 loco
673 3171 877 3245 haberetur.
942 3170 1076 3262 Quem·
1126 3170 1312 3240 beantibus
1337 3174 1487 3241 eaodem
1515 3197 1590 3242 rem
1615 3173 1753 3243 versat!
1800 3197 1882 3242 cum
1909 3172 2028 3265 inquit
2048 3168 2112 3265 ⁸⁸):

92 3277 287 3345 admodum
303 3300 399 3346 nunc
416 3279 510 3368 apud
529 3277 665 3348 Turcas
680 3270 875 3347 Christiani
896 3269 1075 3343 habentur
1125 3270 1274 3355 Erravi,
1307 3285 1441 3343 temere
1466 3276 1553 3358 feci,
1589 3276 1767 3366 poenitet;
1811 3277 1858 3343 ad
1886 3272 2113 3342 clementiam

93 3378 244 3469 captivi,
283 3403 349 3448 nec
383 3378 486 3448 aliter
521 3381 766 3471 appellantur,
807 3401 916 3472 quam
959 3398 1075 3445 canes.
1127 3386 1225 3444 tuam
1248 3374 1316 3471 ⁸'')
1357 3378 1543 3468 confugio,
1590 3376 1709 3447 delicti
1747 3377 1890 3446 veniam
1926 3389 2031 3466 peto,
2072 3382 2114 3443 ut

91 3477 208 3550 Locus
230 3504 337 3565 vero,
371 3479 435 3552 ubi
448 3480 592 3552 Hecuba
624 3481 803 3575 lapidibus
825 3480 1010 3551 interfecta
1034 3499 1075 3544 ac
1126 3477 1288 3567 ignoscas
1315 3502 1400 3546 oro:
1441 3476 1529 3548 Item
1550 3477 1615 3570 ⁸¹):
1654 3478 1751 3570 Quid
1779 3493 1861 3550 tuus
1888 3478 1947 3545 ille
1967 3476 2113 3545 Tubero

92 3581 267 3649 tumulata
287 3595 359 3666 est,
384 3583 466 3652 ideo
483 3609 527 3653 ex
541 3608 599 3669 re,
625 3598 667 3653 ut
681 3584 799 3678 inquit
812 3582 984 3663 Ovidius,
1009 3602 1076 3647 no·
1127 3578 1305 3647 districtus
1328 3580 1366 3647 in
1390 3580 1465 3647 acie
1485 3579 1624 3670 gladius
1641 3579 1791 3668 agebat?
1826 3577 1925 3647 cuius
1948 3578 2040 3646 latus
2055 3597 2116 3664 pe-

90 3705 176 3749 men
198 3675 325 3764 habet,
365 3684 451 3775 quia
475 3678 691 3778 κυνόσημα,
727 3683 825 3753 canis
846 3677 1076 3774 sepulchrum
1129 3677 1249 3747 lebat?
1282 3682 1343 3771 qui
1366 3703 1488 3750 sensus
1512 3692 1589 3748 erat
1610 3703 1793 3749 armorum
1813 3674 1986 3748 tuorum?
2020 3697 2113 3768 quae

93 3780 234 3850 dicitur.
260 3780 428 3851 Meminit
440 3778 547 3854 huius
565 3786 634 3854 loci
643 3781 1022 3876 Pomponius'⁴)Mela
1036 3779 1076 3849 in
1129 3793 1188 3849 tua
1205 3804 1324 3865 mens,
1352 3780 1464 3863 oculi,
1488 3804 1634 3863 manus,
1661 3783 1771 3850 ardor
1787 3776 1925 3848 animi?
1947 3778 2035 3871 quid
2053 3801 2113 3847 cu·

93 3881 331 3972 descriptione
346 3878 587 3954 Cherrhonesi
600 3880 795 3969 Thraciae,
822 3897 974 3978 suntque
989 3878 1078 3951 haec
1128 3881 1275 3974 piebas?
1309 3883 1395 3978 quid
1412 3881 1585 3975 optabas?
1620 3882 1764 3976 Quanta
1780 3878 1840 3951 hic
1861 3879 2112 3972 multiplicatio
2214 3966 2220 3977 1

92 3985 205 4074 ipsius
222 3985 351 4054 verba:
376 3984 441 4057 Est
456 3984 508 4054 ibi
519 3985 638 4078 Cynos
652 3978 764 4071 sema,
789 3986 948 4058 tumulus
961 3984 1077 4055 Hecu·
1130 3987 1320 4055 verborum
1342 3998 1377 4056 et
1393 3984 1668 4056 sententiarum!
1702 3983 1860 4076 gladius,
1886 4007 2032 4065 mucro,
2056 4004 2114 4049 ar-

94 4088 185 4170 bae,
210 4086 284 4156 sive
299 4112 341 4158 ex
356 4089 469 4181 ligura
487 4088 605 4173 canis,
631 4090 670 4159 in
685 4114 793 4185 quam
807 4112 979 4160 conversa
1005 4099 1077 4158 tra-
1129 4112 1209 4173 ma,
1236 4112 1378 4172 sensus,
1404 4112 1524 4171 cneus,
1551 4088 1710 4167 animus;
1732 4088 1918 4181 cupiebas,
1945 4084 2115 4176 optabasa
2140 4158 2143 4163 ,

92 4188 209 4273 ditur,
243 4189 316 4259 sive
339 4214 381 4260 ex
402 4190 567 4276 fortuna,
593 4190 631 4259 in
655 4215 764 4289 quam
788 4192 988 4275 deciderat,
1012 4185 1078 4261 bu-

92 4293 168 4358 mrlr
193 4315 340 4362 nomme
360 4305 515 4385 accepto.
1163 4357 1212 4417 ,ω
1242 4359 1347 4412 mm
1369 4359 1505 4421 Pam]
1531 4358 1573 4410 stc
1597 4358 1683 4411 Em
1703 4358 1797 4424 toas„
1829 4355 1922 4420 mg
1955 4353 2033 4407 osu.
2060 4349 2111 4405 ra

1197 4425 1308 4480 tlttsct.
1326 4426 1445 4480 Paridis
1462 4428 1576 4480 cecidit.

100 4510 294 4586 Ovidius
343 4538 364 4583 a
404 4514 574 4587 Seneca
623 4517 752 4587 nullo
791 4513 968 4585 iudicio
1001 4537 1078 4585 re·
1164 4526 1487 4589 etusenmonuov.
1506 4528 1549 4581 aa.
1568 4531 1641 4580 extr.

450 4614 715 4710 prehensus.
1163 4637 1212 4697 aa)
1231 4635 1310 4699 virg.
1329 4637 1396 4685 aen.
1410 4635 1458 4698 ιιι,
1475 4632 1535 4685 aas.

196 4766 274 4836 Hoc
294 4770 375 4839 loco
398 4771 598 4842 revellenda
623 4782 676 4842 ω
696 4768 828 4840 iniuria
1016 4765 1077 4836 s·
1164 4739 1212 4797 27)
1236 4736 1316 4801 Vlrg.
1333 4737 1402 4785 Asu.
1420 4736 1444 4800 l,
1461 4733 1520 4785 w.
1552 4732 1587 4784 nt
1612 4735 1757 4785 versasti.
1776 4734 1795 4784 Ι.
1821 4731 1860 4781 ita
1883 4723 2019 4779 coniuncti
2037 4725 2114 4786 sunt,

839 4822 849 4853 ²
885 4790 992 4863 quam
1043 4791 1062 4835 ⁸
1199 4805 1280 4871 quast
1296 4803 1367 4868 apud
1383 4802 1531 4868 Vlrgtltum
1549 4802 1622 4851 atter
1638 4802 1757 4852 alterum
1774 4799 1967 4878 subsequatur.

96 4888 184 4933 neca
200 4868 332 4940 Ovidio
346 4872 450 4957 facit,
476 4898 556 4945 com
576 4874 626 4944 ait
641 4892 721 4944 eum
745 4871 882 4942 nescire
904 4868 1078 4953 desinere,
1162 4908 1212 4968 „J
1230 4908 1298 4966 1Μ]
1314 4905 1357 4956 stc
1373 4906 1457 4956 Mus,
1475 4905 1569 4969 ιω,
1587 4903 1638 4956 ιι.
1652 4903 1726 4955 assa.
1747 4915 1790 4953 ns.

96 4980 132 5037 et
164 4991 268 5061 saepe
303 4986 532 5069 corrumpere
572 4976 792 5067 sententias,
830 4975 917 5043 du'm
960 4972 1079 5042 studet
1162 5011 1211 5070 ῃ)
1230 5010 1308 5073 quot]
1327 5007 1367 5059 stc
1383 5008 1466 5058 natu.
1484 5007 1576 5068 mag
1598 5004 1739 5055 ramma.
1757 5000 1836 5064 quot.

93 5094 203 5140 unam
229 5097 305 5141 rem
329 5075 415 5146 aliis*
427 5090 533 5172 atque
557 5080 636 5149 aliis
657 5079 773 5149 verbis
794 5076 932 5172 eloqui;
961 5072 1079 5168 'idque
1164 5114 1213 5173 aa)
1231 5112 1290 5165 cis.
1307 5124 1359 5176 pro
1375 5110 1488 5175 argnto
1504 5110 1550 5174 to,
1566 5108 1609 5159 to.

94 5176 225 5265 prohat
248 5176 293 5260 (si
316 5176 393 5247 Diis
415 5181 547 5278 placet)
570 5184 730 5273 exemplo
754 5176 884 5250 borum
910 5201 1077 5248 versuum
1163 5217 1233 5274 ω.)
1248 5209 1339 5276 ω]
1356 5215 1390 5264 u-
1402 5210 1453 5267 n
1469 5213 1545 5264 taus.
1566 5212 1657 5261 asset.

96 5274 191 5367 (Vss.
209 5274 471 5377 499-505.)2
621 5348 624 5353 -
702 5350 705 5357 -
984 5324 990 5345 ⁹
1165 5320 1214 5377 au
1238 5317 1294 5367 cu.
1314 5319 1331 5366 ι.
1350 5317 1368 5368 ι.
1386 5315 1412 5375 a,
1426 5315 1469 5379 a,
1496 5314 1540 5364 uu
1557 5316 1625 5363 laec
1642 5314 1669 5363 u
1687 5312 1736 5363 ro.
1756 5310 1842 5362 orsu.
1866 5309 2010 5391 reguum:
2041 5307 2115 5368 outa

1200 5386 1449 5520 attrabata
1466 5386 1543 5501 {tta
1559 5381 1807 5502 {luditilla
1817 5377 2115 5512 ‘laihiiliiiilf

131 5528 178 5594 2⁴)
195 5530 326 5593 Pompou.
343 5528 417 5581 Mela
432 5527 468 5595 ll,
485 5528 513 5593 2,
530 5528 556 5583 7.
883 5556 887 5571 ι
1203 5536 1251 5574 sus
1269 5526 1319 5574 etc.

102 5433 306 5447 *ι-
