4762 6008
158 267 245 347 ,407
760 253 884 331 PHIL.
910 251 1024 329 MEL.
1051 251 1253 328 SCRIPTA
1278 251 1614 327 PHILOLOGICA.
2131 256 2209 332 408

167 452 211 510 ut
232 460 298 505 nos
328 433 435 503 etiam
457 428 630 501 lmbemus
660 442 753 498 certa
784 441 819 498 et
849 426 1037 497 distributa
1070 439 1159 494 tem-
1215 440 1321 496 errant
1338 427 1432 496 enim
1456 428 1543 495 boni
1565 439 1765 495 venatores.
1808 423 1965 516 ,Amycle
1989 427 2075 499 urbs
2091 427 2208 500 Laco-

169 564 259 632 pora
284 537 432 618 edendi,
467 559 558 629 quae
580 557 664 602 sane
692 528 828 599 liabent
848 530 1005 597 infinitas
1026 528 1160 596 utilita-
1209 531 1304 599 niae.
1410 533 1643 622 Cressamque]
1671 529 1794 608 idest,
1822 527 2039 600 Cretensem,

172 656 243 721 tes;
272 639 357 708 olim
373 660 445 705 arna
468 636 543 704 vice
565 633 688 725 pransi
711 645 794 702 sunt
809 631 847 699 in
862 632 919 699 die
936 630 1077 698 circiter
1094 625 1159 697 ho·
1312 629 1373 699 Vs.
1397 629 1484 701 347.
1525 633 1597 706 Sub
1625 630 1729 720 fasee]
1769 628 1847 697 Hoc
1874 653 1950 698 non
1974 631 2133 723 intelligo
2157 636 2205 703 de

169 769 249 812 ram
267 741 431 819 tertiam,
472 735 636 829 quamvis
670 734 769 825 prius
803 756 908 801 mane
940 733 1158 800 ientaculum
1211 732 1386 802 fasciculis
1411 734 1702 822 magistratuum,
1735 733 1797 800 sed
1815 733 1859 799 de
1877 731 1946 802 illis
1971 734 2079 825 ipsis,
2112 759 2204 827 quo,

47 853 50 859 '
171 842 403 915 comederint.
451 837 525 908 Das
551 832 685 906 habeut
707 836 764 904 die
785 858 931 926 grossen
954 831 1085 903 herren
1102 857 1159 923 ge·
1212 836 1398 926 gestabant
1414 836 1562 916 milites,
1589 836 1673 927 quia
1690 835 1821 903 milites
1842 833 1911 925 ipsi
1934 839 2122 924 gestabant
2141 863 2206 908 sua

169 942 270 1026 than,
296 942 360 1011 der
376 940 516 1030 gemein
529 963 616 1007 man
630 934 693 1006 hat
710 938 902 1029 prandium
921 938 995 1006 und
1011 958 1158 1006 coenam
1213 937 1488 1028 impedimenta,
1521 962 1597 1005 non
1620 938 1767 1006 luerunt
1788 938 1837 1004 ita
1863 937 2007 1007 delicati
2030 952 2070 1008 ut
2090 941 2208 1010 nostri
2284 1006 2288 1011 .

170 1042 311 1137 gehabt.
363 1042 422 1111 Sic
443 1066 510 1111 nos
532 1037 706 1110 habemus
728 1040 918 1131 prandium
946 1052 982 1108 et
999 1062 1159 1108 coenam.
1212 1039 1415 1109 bellatores.
1468 1039 1655 1109 Romanus
1678 1051 1713 1106 et
1730 1038 1985 1111 Macedonicus
2004 1042 2108 1111 miles
2130 1043 2206 1112 fue·

168 1148 218 1218 Et
232 1169 318 1217 sane
336 1139 425 1214 haec
447 1144 540 1211 ratio
557 1167 631 1211 non
647 1154 699 1212 est
714 1142 964 1223 incommoda,
991 1142 1099 1209 modo
1115 1164 1160 1207 ne
1213 1154 1299 1212 runt
1315 1143 1524 1211 excellentes
1541 1142 1727 1232 disciplina
1743 1141 1903 1225 militari,
1929 1166 1995 1234 per
2012 1168 2123 1237 quarn
2139 1146 2204 1214 im·

169 1243 393 1321 stomachum
410 1246 524 1314 nimio
540 1246 618 1314 cibo
638 1268 840 1312 oneremus.
877 1243 1034 1313 Galenus
1052 1244 1160 1311 etia'm
1213 1245 1354 1336 perium
1373 1245 1470 1314 orbis
1488 1245 1608 1335 adepti
1624 1256 1717 1313 sunt.

170 1350 353 1443 improbat
367 1343 609 1439 μονοσιιίαν,
635 1346 672 1414 id
690 1358 760 1427 est,
785 1346 895 1415 semel
917 1346 1032 1415 edere.
1314 1345 1374 1417 Vs.
1390 1345 1477 1418 348.
1503 1350 1744 1436 Εεμεειαιιιιη]
1778 1345 1815 1414 id
1840 1359 1912 1428 est,
1938 1360 2019 1418 ante
2037 1361 2206 1439 expecta·

271 1450 333 1520 Vs.
349 1450 437 1520 338.
463 1451 685 1540 Halcyouem]
718 1446 773 1515 De
797 1442 853 1517 his
875 1446 955 1515 vide
980 1446 1017 1513 in
1041 1445 1159 1537 primo
1213 1448 1349 1519 tionem
1368 1445 1492 1518 hostis.

169 1555 262 1624 libro
276 1552 335 1640 ¹¹).
439 1554 632 1621 douittbida
646 1546 715 1646 12)]
743 1548 815 1617 Ein
829 1548 1050 1638 distelvogel.
1314 1548 1471 1622 νε.349.
1494 1554 1542 1620 ιιι
1556 1554 1640 1636 ison]
1665 1550 1798 1620 scilicet
1813 1563 1865 1620 est
1881 1550 1997 1620 simile
2013 1550 2051 1617 in
2064 1563 2206 1642 septen-

271 1653 333 1723 Vs.
348 1651 434 1734 339.
461 1655 548 1737 Quid
562 1655 803 1742 tibipestores]
827 1650 995 1720 Oratoria
1011 1662 1047 1719 et
1060 1650 1158 1718 lucu·
1212 1652 1342 1722 trione.
1446 1654 1607 1742 Scythiae
1623 1659 1756 1742 pentes]
1782 1648 1925 1744 Scythia
1949 1666 2001 1723 est
2023 1665 2105 1743 post
2120 1653 2205 1723 Sar-

169 1757 266 1826 lenta
291 1755 482 1845 descriptio
506 1750 663 1847 hyemis,
690 1754 806 1848 qualis
829 1756 876 1824 sit
896 1753 1103 1822 deformitas
1126 1764 1161 1820 et
1212 1755 1383 1837 matiam,
1411 1757 1530 1823 audie
1546 1751 1742 1845 Muschgen
1761 1757 1835 1823 und
1850 1754 2020 1826 Reussen.

170 1857 304 1950 species
325 1870 443 1926 terrae
467 1870 502 1925 et
525 1857 617 1930 aeris
644 1856 682 1923 in
704 1853 845 1948 hyeme.
909 1854 1006 1923 Haec
1030 1853 1161 1925 deseri·
1314 1854 1374 1928 Vs.
1400 1852 1488 1928 350.
1531 1851 1636 1954 Ister]
1669 1859 1801 1941 idest,
1840 1856 2036 1928 Danubius.
2108 1856 2202 1927 Sunt

168 1961 246 2051 ptio
263 1970 381 2052 potest
394 1957 496 2029 vobis
510 1982 583 2029 csse
600 1953 791 2049 pulchrum
808 1956 1009 2047 exemplum
1034 1955 1161 2047 ampli·
1214 1960 1285 2028 duo
1316 1959 1472 2028 maxima
1495 1960 1665 2044 flumina,
1695 1985 1850 2054 quorum
1878 1960 2028 2029 alterum
2048 1957 2152 2031 Nilus
2179 1983 2202 2029 a

168 2061 363 2141 ficationis3
389 2062 468 2129 vult
482 2074 602 2130 autem
618 2056 688 2130 hoc
704 2060 840 2142 dicere,
866 2053 1068 2127 hahendam
1087 2080 1160 2127 esse
1215 2060 1365 2129 meridie
1388 2084 1510 2132 versus
1532 2063 1812 2151 septentrionem
1841 2062 1939 2141 fluit;
1980 2063 2133 2131 alterum
2156 2063 2204 2141 ab

169 2164 350 2234 rationem
376 2163 558 2244 locorum,
601 2174 637 2230 et
670 2187 737 2254 pro
771 2160 976 2230 diversitate
999 2161 1160 2229 locorum
1214 2164 1396 2233 occidente
1411 2163 1449 2231 in
1475 2163 1670 2249 orientem,
1696 2190 1850 2258 quorum
1874 2165 1964 2235 ostia
1987 2164 2074 2234 dicit
2088 2162 2204 2233 Hero-

172 2291 245 2339 esse
261 2266 473 2335 emittendas
492 2265 548 2331 vel
567 2264 801 2333 continendas
818 2263 983 2353 pecudes.
1213 2267 1319 2335 dotus
1335 2265 1466 2335 distare
1487 2263 1533 2336 15
1550 2267 1702 2338 dierum.

271 2366 333 2437 Vs.
349 2365 437 2436 340.
462 2367 639 2453 Matralia]
663 2367 841 2437 Nomada.
892 2363 1077 2432 Vocantur
1099 2385 1161 2431 au·
1313 2366 1374 2437 Vs.
1391 2364 1477 2439 351.
1511 2372 1583 2440 sot
1605 2375 1726 2458 onem]
1759 2372 1796 2440 id
1818 2382 1889 2454 εει,
1914 2372 1979 2441 sub
1999 2368 2115 2462 ipsum
2138 2393 2202 2460 po·

169 2483 242 2540 tem
269 2470 450 2542 Nomades
476 2492 600 2539 omnes
628 2479 770 2558 gentes,
812 2489 904 2560 quae
929 2489 1005 2533 non
1026 2459 1163 2532 habent
1212 2470 1308 2552 lum,
1338 2468 1472 2554 idest,
1506 2471 1568 2541 ubi
1595 2485 1647 2543 est
1669 2497 1800 2564 magna
1826 2472 1990 2544 elevatio.
2048 2466 2201 2543 Pulchre

130 2610 135 2621 ι
170 2573 308 2642 iunctas
323 2573 469 2656 domos,
495 2570 587 2641 sicut
601 2571 638 2638 in
660 2569 819 2640 urbibus.
872 2567 929 2638 Sic
952 2562 1060 2635 hodie
1077 2565 1161 2657 Scy·
1213 2571 1383 2642 describit
1400 2573 1479 2641 loca
1498 2564 1813 2664 septentrionalia,
1841 2599 2116 2670 quaemagnam
2135 2576 2203 2644 ele·

53 2666 61 2681 ‘
169 2670 254 2742 thoe
271 2675 440 2744 dicuntur
453 2669 618 2742 habitare
634 2697 708 2742 non
726 2670 882 2741 incertis
899 2668 1006 2752 locis,
1030 2679 1065 2737 et
1079 2667 1160 2737 ideo

170 2774 257 2846 dicti
271 2788 356 2846 sunt
371 2769 593 2869 ἆμαξόβιοι,
620 2776 736 2857 idest,
763 2773 973 2842 vectitantes
991 2771 1030 2838 in
1048 2769 1161 2840 curri-

168 2878 256 2961 bus,
282 2878 366 2948 inde
390 2877 497 2946 etiam
519 2877 633 2947 Mosei
656 2878 836 2947 dicuntur.
889 2874 947 2944 Sic
969 2874 1007 2941 in
1030 2872 1162 2942 Genesi

170 2980 284 3050 sancti
315 2980 367 3048 illi
399 2992 519 3070 patres
540 2975 747 3061 Abraham,
777 2974 895 3059 Isaac,
929 2974 1059 3056 iacob,
1094 2986 1160 3044 etc.

168 3082 315 3152 lucrum
330 3105 474 3177 quoque
498 3087 690 3164 nomades,
717 3080 753 3149 id
775 3090 845 3161 est,
872 3078 1077 3168 vagabundi
1099 3099 1162 3168 pa-

44 3216 50 3229 ·
169 3195 295 3256 stores.
362 3181 588 3253 Vocabulum
617 3185 736 3275 ipsum
768 3180 898 3249 dicitur
926 3175 1089 3272 ενέμω,
1123 3178 1161 3247 id

170 3296 245 3368 est,
279 3306 400 3375 pasco.
457 3282 621 3353 Fuerunt
643 3283 712 3354 illis
734 3280 957 3373 temporibus
980 3282 1019 3348 in
1041 3279 1161 3349 Africa

168 3385 319 3457 nonita
343 3385 449 3455 urbes
474 3397 509 3454 et
532 3386 637 3477 pagi,
659 3385 752 3455 sicut
766 3385 863 3476 apud
881 3406 948 3453 nos
972 3395 1074 3466 sunt,
1100 3385 1161 3452 sed

170 3484 420 3581 unusquisque
444 3481 573 3556 hahuit
590 3511 672 3559 suas
697 3488 800 3557 aedes
827 3486 866 3553 in
897 3484 1047 3577 proprio
1068 3485 1161 3555 loco.

170 3594 205 3661 A
226 3590 441 3659 nomadibus
455 3589 634 3660 Numidae
658 3614 791 3658 nomen
814 3584 959 3658 hahent.
1037 3589 1162 3676 Mapo-

162 3695 237 3781 tte]
268 3691 308 3760 id
327 3702 397 3774 est,
429 3714 548 3773 casas,
582 3691 758 3784 significat
785 3691 872 3760 illud
901 3702 1017 3760 totum
1041 3692 1162 3764 stabu-

170 3794 271 3878 lum,
296 3794 395 3887 quod
411 3793 572 3863 continet
585 3794 894 3876 domunculamet
906 3793 1084 3863 stabulum
1101 3816 1162 3884 pe-

172 3897 318 3966 cudum.
417 3899 542 3983 Raris]
570 3896 607 3966 id
623 3909 695 3979 est,
719 3920 796 3965 non
816 3895 956 3965 iunctis.

273 3996 336 4068 Vs.
359 3996 448 4070 344.
479 4003 722 4071 Arsanias-tes
737 3997 841 4089 Aser]
872 3997 1013 4065 Africae
1028 4009 1163 4086 tempe-

172 4098 242 4168 ries
256 4100 361 4169 valde
377 4101 522 4171 laudata
548 4113 620 4186 est,
645 4100 835 4190 praecipue
858 4098 987 4167 inistis
1008 4097 1163 4189 regioni-

172 4202 258 4285 bus,
285 4224 378 4295 quae
402 4212 486 4272 sunt
505 4201 598 4269 circa
624 4197 899 4291 Carthaginem,
925 4211 966 4267 ut
985 4200 1073 4268 dicit
1091 4199 1163 4268 Pli-

172 4301 277 4385 nius,
301 4300 405 4370 reddi
427 4300 479 4370 ibi
494 4302 532 4369 in
547 4302 651 4374 certis
669 4301 756 4389 locis
775 4301 1034 4391 trecentuplum
1059 4302 1164 4371 semi-

173 4405 252 4486 nis,
277 4401 404 4484 idest,
430 4428 503 4473 von
518 4404 633 4473 einem
661 4400 1062 4475 scheffe1300scheffel.
1121 4403 1163 4473 ln

173 4503 309 4575 nostris
337 4505 565 4595 regionibus,
598 4530 701 4577 wans
721 4505 824 4575 Korn
853 4505 928 4574 wol
946 4503 1088 4597 gmeth,
1121 4533 1162 4578 so

175 4607 252 4699 gibt
271 4607 331 4676 ein
346 4602 488 4679 scheffel
503 4604 705 4692 9scheffel,
730 4609 768 4678 in
787 4608 902 4701 Mysia
923 4609 983 4679 10.Ι
1034 4608 1075 4679 Ιιι
1093 4611 1162 4680 Ge·

174 4708 251 4779 nesi
267 4707 315 4807 ¹¹)
342 4710 451 4780 etiam
468 4712 653 4803 praedicat
666 4709 764 4783 Isaac
779 4711 1063 4782 benedictionem
1081 4712 1161 4797 Dei,

172 4810 259 4881 dicit
273 4837 309 4883 se
325 4814 500 4906 accepisse
517 4836 560 4884 ex
579 4838 653 4885 uno
671 4814 794 4884 modio
811 4828 968 4885 centum.

269 4913 331 4985 Vs.
347 4913 436 4991 345.
460 4919 758 5014 Antyelaeumque]
779 4918 905 4999 idest,
928 4915 1161 5003 Laconicum,

170 5011 256 5106 quia
268 5012 438 5089 Laconici
462 5044 568 5092 canes
589 5022 736 5091 fuerunt
757 5018 1073 5111 praestantissimi;
1107 5023 1161 5090 fu·

207 5242 256 5313 ιι)
273 5243 347 5296 vua
364 5258 449 5311 supra
468 5247 567 5312 pau.
584 5251 680 5302 aurat.
696 5247 733 5300 aa
750 5247 832 5314 Vlrg.
851 5248 953 5313 θεοῖς.
971 5248 1065 5314 tm.

204 5345 446 5416 12>Acantttde1
466 5349 507 5400 sle
525 5350 748 5417 113134431ιά
766 5354 906 5419 Wagner.
923 5352 1124 5407 aeetanttuto.

206 5450 255 5521 ιι)
275 5451 377 5507 fleres.
390 5450 437 5516 26,
456 5448 499 5505 ιι.

1216 2675 1395 2742 rationem
1414 2669 1558 2745 habeut.

1314 2774 1376 2848 Vs.
1400 2772 1486 2848 356.
1522 2782 1644 2867 Caura]
1669 2779 1706 2848 id
1731 2793 1802 2866 est,
1834 2778 1932 2851 venti
1954 2780 2131 2871 spirantes
2155 2783 2202 2852 ab

1214 2900 1341 2948 occasu
1364 2879 1554 2951 solstitiali.

1314 2993 1376 3067 Vs.
1402 2994 1489 3071 357.
1527 3003 1612 3069 ilem
1632 3002 1698 3086 sel]
1732 2998 1864 3084 idest,
1900 3011 1985 3070 sunt
2005 3017 2200 3094 perpetuae

1213 3097 1378 3169 nebulae.

1314 3199 1375 3271 νε.
1390 3197 1476 3274 358.
1501 3209 1679 3293 neceam]
1707 3205 1743 3273 id
1770 3216 1841 3289 est,
1872 3227 1938 3273 nec
1953 3203 2110 3292 iuortu,
2136 3231 2204 3279 nec

1215 3326 1253 3372 ιιι
1275 3327 1412 3375 occasu.

1314 3404 1376 3476 Vs.
1392 3403 1479 3478 359.
1503 3411 1623 3494 Lavit]
1642 3407 1912 3498 Coniugationis
1930 3409 2055 3480 tertiae
2069 3411 2204 3484 lavere.

1310 3506 1371 3576 Vs.
1395 3508 1482 3595 361.
1520 3515 1696 3605 Utiliaque]
1726 3511 1825 3582 Sicut
1854 3536 1918 3603 ego
1941 3512 2015 3583 vidi
2038 3514 2202 3604 congela-

1214 3621 1290 3678 tum
1307 3605 1475 3680 Rhenum
1501 3626 1536 3682 et
1551 3614 1690 3697 Albim,
1718 3626 1757 3683 ut
1779 3638 1928 3705 magnae
1952 3618 2062 3687 moles
2084 3628 2201 3685 trans-

1214 3704 1296 3779 vehi
1321 3726 1477 3803 possent.

1315 3830 1375 3902 Vs.
1394 3831 1481 3903 363.
1508 3838 1663 3929 deraque
1685 3837 1875 3923 dissiliunt]
1900 3834 1978 3905 Hoc
1998 3862 2123 3908 verum
2139 3851 2205 3923 εει,

1214 3930 1304 4005 sicut
1320 3934 1426 4003 etiam
1443 3936 1535 4004 vitra
1551 3937 1746 4020 dissiliunt,
1770 3938 1853 4032 quia
1870 3938 1982 4030 frigus
1997 3941 2204 4033 comprimit

1215 4049 1353 4116 aerem,
1380 4036 1443 4130 qui
1458 4038 1554 4108 intus
1571 4051 1632 4109 est.

1315 4137 1376 4210 Vs.
1393 4139 1480 4212 364.
1505 4143 1704 4227 securibus]
1728 4136 1886 4211 Pulchra
1898 4136 2145 4236 hypotyposis.

1317 4240 1378 4313 Vs.
1395 4243 1481 4315 366.
1497 4248 1675 4330 induruit]
1689 4246 1830 4313 Addam
1846 4245 1943 4315 aliud
1958 4245 2202 4318 mendacium.

1215 4339 1255 4411 ln
1286 4345 1427 4436 oppidis
1457 4347 1686 4416 Saramaticis
1718 4347 1863 4440 quando
1895 4343 2078 4418 advehunt
2103 4347 2202 4438 ligna

1214 4446 1355 4528 rustici,
1391 4458 1427 4514 et
1455 4447 1580 4517 volunt
1614 4473 1805 4540 emungere
1834 4474 1957 4535 nares,
1997 4464 2081 4522 tunc
2107 4462 2203 4520 totas

1215 4548 1398 4618 abiiciunt.

1312 4664 1373 4737 νε.
1392 4664 1478 4737 369.
1504 4672 1768 4757 Aymineeerui]
1795 4669 1900 4740 Cervi
1926 4668 2063 4762 magnis
2087 4667 2203 4760 agmi-

1213 4770 1318 4840 nibus
1333 4782 1448 4854 stant,
1475 4773 1580 4845 etita
1603 4797 1639 4843 se
1663 4786 1788 4843 mutuo
1814 4774 1931 4842 calore
1952 4775 2085 4843 fovent.
2137 4768 2205 4843 Est

1215 4867 1403 4965 pulchrum
1423 4874 1621 4966 erernplum
1640 4889 1784 4946 mutuae
1801 4876 2083 4946 benevolentiae.

1313 4975 1374 5049 νε.
1388 4974 1474 5050 372.
1498 4981 1665 5048 Pituieeae
1677 5001 1807 5067 ρειιιιαε
1822 4977 1886 5072 ι4)]
1910 4978 1945 5046 id
1962 4990 2033 5061 est,
2060 4999 2206 5070 pennae

1212 5103 1403 5170 suspensae
1419 5083 1464 5149 ad
1483 5084 1667 5152 terrendos
1684 5104 1819 5164 cervos,
1845 5081 1959 5151 nostri
1975 5079 2109 5150 lodices
2127 5104 2204 5150 sus·

1211 5183 1384 5273 pendunt.

1248 5453 1296 5523 u)
1311 5452 1435 5523 peones]
1454 5454 1497 5508 sle
1512 5457 1562 5510 Ed.
1578 5458 1671 5524 totus
1687 5458 1737 5509 st.
1756 5458 1891 5524 wagner.
1907 5431 2031 5521 pusaeus
