4762 6008
157 306 232 383 668

229 475 352 527 tlborttm
369 476 511 539 lacrymas
528 473 616 525 stillat
634 474 668 524 do
685 486 754 537 rupe
770 476 902 526 cadentes

294 561 457 612 Fonticulus
474 560 572 611 vitreis
591 560 802 622 conspiciendus
821 560 917 624 aquis,

227 650 310 710 ouem
331 646 397 697 otuu
415 646 442 695 in
460 644 547 707 petris
565 646 733 695 samnitibus
750 646 843 697 incola
860 646 945 696 vullis

292 729 431 791 lupinae,
450 729 478 777 at
497 728 577 779 sedat
595 730 724 779 blandula
740 730 856 794 lympha
873 729 957 779 sltlur.

225 819 294 868 ures
312 816 377 866 ullu
394 814 453 877 nto,
472 814 545 863 tana
563 816 623 878 est,
643 815 741 865 viduae
758 817 862 865 tavare
880 817 989 878 puellae
1172 824 1176 933 Ι

295 903 370 951 llaec
389 902 512 963 putrem,
529 901 596 950 bueo
613 902 723 965 uatum,
742 900 855 952 tristior
872 902 922 951 ills
940 902 1045 967 ulrum,

227 987 279 1050 out
297 1000 359 1036 curu
375 985 508 1035 Romanis
525 986 638 1036 ducibus
657 989 722 1037 tuno
741 987 859 1038 fortibus
876 987 963 1037 arnis
1069 1040 1077 1057 ,

294 1069 448 1135 congressi
467 1072 580 1132 pulchra
598 1075 686 1123 morte
704 1073 799 1123 obiero
817 1074 895 1125 diam.

226 1157 249 1209 0
268 1156 332 1209 tons
350 1159 415 1205 nato
431 1155 486 1219 piis
505 1156 638 1220 lacrymis
657 1160 685 1207 ct
702 1157 810 1207 fletibus
828 1159 928 1223 aurate,

296 1241 387 1293 Testis
404 1242 433 1292 at
451 1241 581 1306 antiquae
598 1245 663 1293 tons
681 1242 792 1306 pletatis
808 1254 895 1293 umor.

453 1394 584 1489 Lycii
615 1397 660 1465 in
694 1421 842 1468 ranas.

257 1534 513 1626 Depinguntur
546 1529 603 1601 hic
641 1534 783 1624 ingenia
815 1546 850 1602 et
884 1559 1004 1604 mores
1036 1534 1143 1604 rusti-

156 1660 305 1720 corum,
349 1637 412 1728 qui
440 1636 478 1702 in
507 1636 628 1705 multis
663 1636 889 1726 regionibus,
926 1649 966 1705 ut
1000 1637 1037 1705 in
1070 1636 1144 1704 An-

155 1739 224 1829 glia
259 1752 294 1807 ct
322 1737 520 1819 Vasconia,
562 1739 652 1806 adeo
687 1738 844 1829 improbi
877 1752 960 1808 sunt
996 1751 1032 1807 ct
1066 1763 1143 1807 ma-

154 1841 283 1924 litiosi,
325 1851 365 1909 ut
397 1838 534 1908 nemini
572 1841 684 1909 ullum
714 1837 949 1910 humanitatis
985 1841 1141 1910 officium

155 1956 352 2035 praestent,
379 1966 425 2010 ne
442 1943 509 2032 ipsi
527 1943 671 2034 quidem
688 1942 786 2025 Deo,
813 1943 842 2012 si
860 1943 1056 2011 advenerit.
1089 1942 1141 2010 Ea

86 2094 89 2099 -
156 2059 208 2116 est
222 2060 339 2117 autem
356 2056 484 2113 natura
501 2045 730 2128 rusticorum,
749 2056 789 2114 ut
799 2070 871 2138 quo
883 2045 997 2134 magis
1011 2068 1141 2135 rogen-

156 2162 233 2232 tur,
269 2173 311 2217 eo
348 2146 558 2215 insolentius
595 2160 630 2215 et
661 2146 905 2216 contumacius
936 2172 973 2216 se
1004 2158 1141 2236 gerant.

157 2251 284 2319 Servat
307 2250 416 2340 igitur
438 2250 606 2316 decorum
632 2262 738 2338 poeta
760 2249 877 2331 ineo,
920 2252 1016 2341 quod
1039 2249 1141 2339 fingit

154 2350 285 2444 Lycios
308 2352 404 2421 nulla
428 2351 665 2419 obtestatione
687 2351 799 2432 flecti,
826 2375 957 2443 eosque
980 2351 1139 2420 converti

155 2455 193 2524 in
216 2479 334 2525 ranas.
389 2455 438 2524 Ut
457 2454 553 2521 enim
577 2476 687 2521 ranae
710 2455 747 2521 in
769 2452 959 2543 paludibus
982 2466 1017 2521 et
1032 2453 1139 2522 limo:

47 2622 50 2627 ,
154 2557 203 2625 ita
223 2558 347 2627 rustici
369 2557 407 2625 in
432 2555 608 2636 tabernis,
641 2551 814 2638 humore,
848 2556 960 2638 saltu,
989 2556 1142 2624 alterca-

85 2708 90 2717 ·
153 2660 251 2727 tione
284 2673 319 2728 et
349 2658 603 2727 vociferatione
637 2661 812 2748 gaudent,
845 2681 886 2725 ac
918 2656 986 2726 sibi
1016 2658 1140 2726 viden-

151 2773 210 2831 tur
226 2762 343 2853 perire
358 2762 435 2845 siti,
459 2761 529 2830 nisi
544 2761 582 2828 in
598 2760 682 2851 ipsis
704 2760 806 2855 quasi
819 2759 925 2832 doliis
940 2755 1114 2830 habitent.

357 2964 566 3055 Marsyas
600 2961 937 3049 excoriatus⁶⁷).

252 3099 415 3191 Marsyas
439 3099 506 3168 fuit
528 3111 634 3187 poeta
658 3098 810 3190 lyricus,
854 3123 960 3191 quem
986 3097 1138 3167 Ovidius

107 3242 111 3253 ·
149 3212 361 3292 propterea,
386 3212 427 3269 ut
444 3200 621 3281 arbitror,
647 3201 804 3289 appellat
824 3200 1013 3294 Satyrum,
1040 3202 1138 3293 quod

148 3304 205 3372 vel
237 3301 440 3371 inconditos
473 3300 528 3369 vel
557 3303 753 3371 obscoenos
787 3325 909 3371 versus
944 3301 1136 3393 scripserit.

147 3405 254 3475 Hunc
286 3416 413 3496 poetae
442 3403 647 3472 fabulantur
667 3428 747 3473 cum
770 3404 938 3494 Apolline
968 3406 1138 3473 tibiarum

148 3521 256 3577 cantu
272 3519 436 3577 certasse.
485 3505 570 3575 Fuit
588 3506 683 3575 enim
702 3507 861 3595 insignis.
869 3531 1014 3601 quoque
1030 3507 1138 3577 musi-

147 3635 226 3694 cus,
253 3623 360 3704 atque
376 3608 537 3677 omnium
563 3609 699 3700 primus
724 3609 849 3678 tibiam
874 3610 1058 3679 modulate
1080 3610 1139 3677 in-

145 3711 255 3783 flavit.
309 3711 400 3782 Cum
425 3735 509 3781 vero
538 3736 595 3781 ars
620 3712 789 3782 tibiarum
817 3712 948 3782 abillo
972 3712 1137 3794 excitata,

144 3811 271 3884 haberi
296 3816 392 3907 apud
416 3814 592 3896 Graecos,
618 3815 829 3906 praesertim
859 3812 1073 3896 Thebanos,
1099 3814 1138 3882 in

145 3930 246 3988 tanto
270 3913 474 3986 honoreac
499 3917 614 4007 pretio
640 3917 832 4008 coepisset,
867 3930 908 3986 ut
933 3941 952 3985 a
976 3916 1138 3985 multitu·

145 4020 229 4089 dine
258 4019 426 4089 omnibus
448 4021 522 4088 sere
550 4019 759 4089 liberalibus
781 4020 919 4088 artibus
946 4020 1137 4088 anteferre-

144 4134 224 4205 tur,
248 4135 409 4217 essetque
423 4145 536 4212 prope
557 4116 852 4190 honorificentius
868 4145 1003 4189 nomen
1023 4120 1138 4189 tibici-

145 4222 220 4305 nis,
247 4247 356 4314 quam
375 4235 437 4292 aut
451 4235 577 4313 poetae
602 4223 857 4305 autumaris,
888 4218 1137 4306 Athenienses,

147 4325 244 4417 apud
263 4349 354 4417 quos
369 4325 594 4419 eloquentiae
616 4337 652 4394 et
671 4324 868 4416 sapientiae
893 4326 1010 4397 studia
1034 4338 1137 4395 erant

145 4428 185 4497 in
200 4426 459 4509 admiratione,
487 4429 533 4495 ad
549 4428 769 4497 evellendam
793 4424 888 4498 hanc
912 4429 1135 4521 opinionem,

144 4533 324 4602 linxerunt
343 4532 501 4600 fabulam
525 4532 569 4600 de
593 4530 758 4600 Minerva
784 4532 908 4601 tibiam
935 4532 1135 4617 abiicicnte,

145 4648 180 4705 et
202 4637 246 4705 de
259 4634 429 4727 Apolline
445 4633 647 4704 excoriante
664 4634 868 4728 Marsyam,
903 4648 943 4705 ut
961 4634 1136 4727 significa-

55 4786 58 4791 ·
143 4751 223 4808 rent
238 4752 352 4808 artem
370 4736 522 4807 canendi
540 4738 640 4822 tibia,
667 4762 741 4809 esse
757 4738 981 4823 illiberalem,
1004 4764 1134 4830 nempe

143 4864 233 4930 quae
250 4837 390 4913 homini
412 4841 676 4911 deformitatem
693 4842 839 4925 afferat,
866 4867 976 4937 osque
1000 4856 1035 4912 et
1050 4843 1135 4913 buc-

142 4964 200 5010 cas
217 4944 325 5015 inflet.
378 4944 457 5035 Qua
483 4944 604 5013 fabula
633 4958 751 5014 motus
768 4943 990 5029 Alcibiades,
1020 4958 1060 5015 ut
1080 4969 1134 5014 re·

30 5068 34 5077 ’
140 5043 209 5113 fert
230 5041 443 5118 Plutarchus
458 5045 525 5144 ⁵⁸),
559 5047 668 5117 tibiae
694 5061 839 5118 cantum
862 5060 1046 5119 aversatus
1070 5059 1134 5130 est,

142 5195 348 5212 -ῄ

172 5269 222 5338 aa)
242 5272 321 5325 ova.
341 5277 406 5327 net.
427 5279 657 5343 v1,an-as1.

172 5373 221 5442 ar)
242 5374 323 5426 ova.
341 5378 407 5431 uec.
427 5379 478 5447 vr,
495 5382 556 5432 roo.

170 5477 220 5544 ⁸8)
237 5481 377 5534 Plutarch.
396 5480 455 5532 vita
472 5482 624 5533 Alcibiadlo
642 5498 665 5537 o.
679 5486 705 5537 2.

718 301 843 377 rfflu.
879 303 994 378 MEL.
1025 300 1228 376 SCRIPTA
1260 300 1597 377 PHILOLOGlCA.

2113 299 2194 376 564

1204 487 1375 566 tanquam
1407 474 1563 564 ingenuo
1595 472 1742 545 homine
1770 474 1975 564 indignum,
2009 472 2192 566 dixitque:

1203 576 1346 645 Canant
1355 572 1612 646 Thebanorum
1628 579 1748 657 liberi3
1775 576 1875 669 loqui
1893 575 1987 644 enim
2007 576 2191 655 nesciunt:

1201 680 1306 747 nobis
1322 693 1441 749 autem
1461 674 1740 751 Atheniensibus
1765 681 1886 750 sinant
1902 679 2036 770 absque
2051 677 2190 746 invidia

1202 784 1322 851 adesse
1363 795 1396 851 et
1420 780 1643 866 Minervam,
1685 806 1777 877 quac
1807 781 1934 849 tibiam
1963 779 2118 859 abiecit,
2153 790 2193 847 et

1199 883 1424 972 Apollinem,
1448 884 1511 977 qui
1525 885 1704 953 tibicinem
1721 883 1926 953 excoriavit.
1978 881 2080 972 Quos
2095 878 2195 949 Alei-

1200 986 1314 1055 biadis
1344 1010 1527 1055 sermones
1556 988 1688 1078 partim
1717 987 1796 1056 ioco
1818 984 1885 1080 ⁶⁰),
1930 984 2062 1074 partim
2093 982 2193 1053 serio

1198 1082 1361 1170 habitos,
1395 1089 1457 1158 ubi
1482 1089 1578 1156 fama
1607 1090 1700 1158 iuter
1727 1088 1965 1158 adolescentes
1988 1084 2191 1174 dissipavit,

1199 1190 1333 1260 cunctis
1357 1190 1571 1260 sententiam
1602 1191 1677 1261 eius
1702 1190 1958 1283 probantibus,
1997 1200 2190 1278 tantopere

1198 1293 1394 1383 contempti
1409 1308 1492 1363 sunt
1507 1292 1683 1376 tibicines,
1699 1307 1739 1363 ut
1753 1291 1937 1363 communi
1952 1313 2131 1360 consensu
2147 1313 2192 1359 ex

1198 1393 1298 1461 omni
1314 1394 1552 1484 ingenuorum
1569 1409 1674 1465 coetu
1688 1406 1943 1465 amoverentur
1957 1393 2079 1462 tibiae.
2110 1391 2192 1463 Me·

1196 1496 1302 1563 minit
1317 1493 1423 1567 huius
1439 1522 1583 1592 quoque
1596 1498 1737 1568 fabulae
1753 1496 1962 1568 Aristoteles
1982 1496 2017 1566 7.
2059 1494 2189 1565 Politi-

1197 1623 1342 1683 corum,
1368 1601 1430 1669 nbi
1453 1603 1505 1669 ait
1521 1613 1597 1670 arte
1619 1600 1789 1669 tibiarum
1814 1598 1982 1690 impediri
2003 1624 2109 1668 usum
2129 1622 2188 1667 ra-

1194 1701 1318 1769 tionis:
1345 1702 1466 1795 itaque
1490 1702 1625 1792 priscos
1648 1703 1687 1771 in
1711 1701 1993 1773 adolescentibus
2008 1712 2043 1769 et
2062 1701 2187 1774 liberis

1194 1797 1400 1873 hominibus
1416 1805 1637 1896 improbasse
1657 1805 1732 1877 eius
1749 1830 1874 1888 usum,
1901 1816 1936 1872 et
1958 1802 2097 1874 finxisse
2113 1805 2185 1874 Mi-

1193 1928 1362 1990 nervam,
1394 1931 1473 1977 cum
1496 1908 1621 1977 tibiam
1645 1907 1858 1990 invenisset,
1892 1930 1970 1973 eam
1996 1906 2181 1988 abiecisse;

1194 2019 1228 2075 et
1243 2032 1462 2103 quamquam
1481 2010 1555 2081 oris
1570 2011 1798 2080 deformitate
1818 2010 1990 2078 offensam
2010 2007 2046 2077 id
2060 2009 2183 2080 fecisse

1194 2108 1292 2178 illam
1308 2112 1445 2180 nonsit
1462 2113 1619 2182 alienum
1646 2113 1783 2184 dicere:
1812 2126 1933 2181 tamen
1959 2112 2184 2202 probabilius

1194 2234 1267 2281 esse
1286 2215 1331 2281 ol)
1351 2238 1429 2282 eam
1447 2239 1610 2299 causam,
1637 2218 1735 2308 quod
1752 2217 1797 2284 ad
1814 2214 2058 2306 cognitionem
2071 2213 2186 2284 animi

1194 2336 1250 2383 ars
1285 2316 1453 2385 tibiarum
1486 2312 1577 2386 nihil
1611 2318 1808 2408 pertineat,
1850 2341 1930 2386 curn
1971 2316 2185 2407 praesertim

1192 2415 1377 2487 Minervae
1406 2420 1589 2488 scientiam
1616 2433 1801 2515 artemque
1829 2420 2080 2491 attribuamus.
2129 2418 2184 2489 si-

1193 2520 1382 2615 gnificatur
1408 2522 1515 2591 etiam
1539 2522 1718 2591 inerudita
1736 2523 1874 2614 poetica
1894 2547 1959 2614 per
1981 2522 2139 2593 fistulam
2161 2542 2184 2591 a

1192 2621 1337 2691 Pallade
1372 2623 1568 2708 abiectam,
1609 2649 1680 2717 qua
1714 2624 1862 2719 Satyrus
1896 2649 1971 2695 sese
2008 2636 2184 2703 ostentat:

1192 2719 1284 2792 haenc
1304 2725 1398 2793 enim
1417 2726 1671 2818 asapientibus
1686 2742 1841 2819 spretam
1860 2727 1999 2818 Satyri,
2024 2723 2095 2795 boc
2118 2737 2184 2811 est,

1193 2828 1453 2897 versificatores
1478 2830 1572 2899 leves
1600 2842 1634 2898 et
1668 2830 1865 2921 petulantes
1898 2827 2181 2918 amplectuntur.

1191 2927 1308 2997 Porro
1333 2929 1377 3020 Q.
1404 2930 1547 3001 Curtius
1570 2930 1618 3023 ω)
1637 2933 1787 3003 scribit:
1825 2931 2028 3023 Marsyam,
2058 2923 2178 3020 Phry·

1192 3030 1269 3119 giae
1287 3055 1450 3115 amnem,
1478 3058 1520 3102 ex
1536 3059 1676 3103 summo
1693 3034 1823 3104 montis
1840 3032 2021 3102 cacumine
2043 3030 2081 3098 in
2096 3034 2181 3101 sub-

1192 3132 1318 3201 iectam
1344 3147 1481 3226 petram
1508 3138 1634 3204 cadere
1661 3161 1792 3229 magno
1818 3136 1968 3227 strepitu
1990 3156 2182 3227 aquarum,

1192 3247 1227 3303 et
1247 3235 1329 3306 inde
1345 3238 1512 3309 diffusum
1531 3239 1670 3330 placido
1687 3240 1760 3310 labi
1774 3264 1900 3323 cursu,
1929 3260 2081 3329 eamque
2106 3260 2181 3306 esse

1191 3361 1354 3423 causam,
1382 3365 1444 3409 cur
1466 3354 1593 3432 poetae
1613 3344 1749 3432 lingant
1764 3342 1949 3435 Marsyam
1971 3339 2079 3409 fuisse
2098 3338 2182 3407 tibi·

1191 3441 1303 3511 cinem
1329 3456 1363 3510 et
1389 3444 1608 3512 excoriatum
1633 3445 1817 3517 delicuisse
1839 3447 1878 3514 in
1901 3467 2025 3537 aquas.
2087 3440 2182 3513 Nam

1190 3546 1248 3612 ille
1266 3544 1433 3635 strepitus
1448 3558 1499 3617 est
1513 3547 1615 3639 quasi
1631 3561 1841 3633 concentus,
1869 3559 1905 3619 et
1925 3545 2042 3617 subita
2064 3566 2180 3639 aquae

1190 3648 1341 3716 mutatio
1367 3648 1489 3730 efficit,
1516 3662 1556 3717 nt
1579 3651 1695 3722 amnis
1717 3654 1831 3721 fracto
1852 3652 1990 3741 ἱηιρεῑιι
2006 3660 2181 3742 tanquam

1190 3751 1346 3818 detracta
1366 3765 1444 3820 cute
1462 3752 1587 3821 induat
1603 3754 1713 3822 alium
1738 3756 1914 3836 colorem,
1940 3754 2076 3844 fiatque
2098 3747 2181 3818 niti·

1189 3852 1366 3922 dissimus.

1273 4037 1464 4129 Pelopis
1497 4036 1714 4113 humerus
1752 4044 1796 4110 in
1831 4046 2097 4116 eburneum.

1238 4172 1301 4245 Vs.
1319 4172 1406 4247 405.
1432 4180 1514 4249 ebur
1529 4185 1711 4250 ostendisse
1726 4187 1879 4252 sinistro.

1290 4309 1477 4402 Pelopem,
1496 4314 1640 4401 Tantali
1658 4316 1783 4400 filium,
1805 4316 1962 4385 arbitror
1977 4315 2112 4409 insigni
2128 4324 2180 4383 at·

1191 4435 1261 4504 que
1283 4414 1396 4481 atroci
1422 4410 1695 4507 aliqna'iniuria
1733 4420 1900 4489 afflictum
1926 4431 1961 4488 et
1985 4420 2183 4488 laceratum

1190 4513 1296 4584 fuisse
1313 4540 1333 4582 a
1350 4508 1471 4607 patro,
1499 4543 1649 4614 eamque
1674 4548 1747 4593 csse
1774 4546 1938 4605 causam,
1965 4546 2029 4591 cnr
2054 4532 2183 4613 poetae

1191 4618 1347 4707 fingant,
1382 4618 1480 4688 illum
1506 4624 1630 4712 patriis
1655 4625 1820 4694 manibus
1843 4626 2033 4695 dissectum
2059 4635 2095 4693 et
2122 4646 2185 4715 ap-

1191 4722 1350 4811 positum
1369 4723 1474 4793 fuisse
1489 4725 1567 4795 Diis
1586 4729 1814 4818 epulandum.
1866 4727 1991 4796 Multis
2013 4750 2105 4797 vero
2129 4728 2184 4795 in·

1192 4824 1356 4914 gentibus
1377 4827 1555 4898 beneficiis
1575 4829 1692 4898 Deum
1718 4833 1850 4900 levasse
1864 4830 1910 4923 ⁸¹)
1933 4830 2108 4899 iniuriam
2132 4830 2185 4899 in-

1192 4928 1340 4997 nocenti
1373 4931 1529 5011 fartam,
1571 4933 1734 5003 videlicet
1768 4932 2018 5027 magnitudine
2061 4958 2186 5026 opum,

1193 5031 1398 5101 celebritate
1423 5033 1579 5104 nominis
1601 5059 1640 5103 ac
1668 5037 1842 5126 potentia.
1892 5036 1993 5108 Ebur
2018 5037 2119 5108 enim
2136 5036 2186 5106 di-

1215 5280 1264 5340 as)
1282 5281 1356 5348 loco]
1374 5248 1567 5335 stercorosa.
1585 5285 1658 5335 rasa.
1675 5288 1698 5333 a.
1707 5303 1717 5350 3
1735 5286 1969 5353 saltatorum,
1990 5287 2069 5344 asro.
2087 5288 2159 5341 ιοω.

1220 5384 1269 5449 60)
1289 5385 1367 5436 curt.
1383 5387 1442 5453 tlt,
1463 5391 1487 5449 t,
1505 5389 1531 5440 2.
1549 5389 1575 5443 3.
1598 5391 1648 5441 ud.
1667 5394 1775 5454 zoropt.

1221 5486 1271 5552 61)
1290 5489 1420 5546 levasse]
1440 5491 1481 5540 stc
1502 5493 1585 5547 ltditt.
1605 5497 1696 5561 loon:
1714 5497 1763 5546 Ed.
1783 5498 1857 5551 1559.
1876 5498 1999 5550 lavasse.
