4754 6014
63 338 138 415 641
388 333 479 409 XCI.
528 330 813 407 ENARRATIO
845 328 975 400 LIBRI
999 330 1059 404 tv.
1092 331 1567 435 Mtt‘rnuoupttosssott
1602 332 1761 406 OVlDll.
2009 336 2086 412 542

63 534 215 599 magnus
229 520 281 579 est
295 531 484 587 numerus;
509 506 614 575 luisse
637 516 756 574 autem
782 503 862 572 illos
884 496 1049 572 homines
1101 503 1209 572 etiam
1234 503 1297 597 qui
1321 517 1512 598 utramque
1532 505 1707 577 Venerem
1730 519 1877 577 exercet.
1935 502 1976 574 lu
2004 531 2083 578 earn

65 596 213 684 stolidos
241 622 276 678 et
294 609 479 692 scurriles,
512 608 674 677 indicant
698 605 858 697 ipsorum
874 605 1048 675 ¹nomina.
1099 606 1173 674 fere
1192 607 1406 689 sententiam
1429 620 1465 676 et
1486 608 1614 678 Strabo
1639 608 1785 699 exponit
1808 605 1901 677 hanc
1925 610 2082 680 fabulam

62 713 160 784 Dicti
176 723 261 783 sunt
278 711 373 779 enim
390 711 554 793 Curetes,
581 720 667 779 teste
682 704 949 801 Strabone⁹⁷¹),
975 700 1049 778 ἀπὸ
1099 707 1193 777 libro
1215 706 1349 807 14⁰⁸),
1375 710 1436 778 ubi
1453 708 1502 778 sic
1517 710 1650 805 inquit:
1679 710 1851 780 Salmacis
1866 711 1946 780 sons
1963 713 2083 782 nescio

61 819 128 908 τῆς
146 817 305 908 κουρᾶς,
331 837 351 881 a
375 825 523 883 tonsura
545 811 779 902 capillorum,
810 811 908 901 quod
934 819 1050 879 essent
1100 834 1208 904 quam
1227 811 1273 879 ob
1290 834 1431 880 causam
1446 811 1609 896 infamis,
1630 826 1802 905 tanquam
1825 812 1990 883 molliens
2012 838 2086 897 eos,

61 939 165 984 more
178 916 360 984 fatuorum
376 914 534 994 detonsi;
559 913 653 1003 ⁸item
669 908 910 1002 Corybantes,
943 934 1049 981 εκο-
1100 912 1451 1006 quiindebiberint3
1475 910 1776 985 hominumenim
1798 914 1964 986 mollities
1986 914 2085 984 vide·

62 1010 233 1113 primur,
260 1019 357 1110 quod
374 1029 425 1087 est
440 1028 548 1107 capnt
562 1014 727 1085 saltando
743 1012 891 1092 iactar‘e;
917 1012 1049 1081 saltan-
1101 1026 1160 1084 tur
1175 1038 1251 1083 non
1269 1016 1313 1084 ab
1331 1032 1413 1088 aere
1429 1017 1485 1084 vel
1500 1019 1544 1085 ab
1562 1041 1653 1110 aqua
1671 1040 1813 1087 causam
1832 1012 1985 1099 trahere,
2003 1043 2084 1086 cum

63 1133 114 1189 tes
131 1118 227 1186 enim
242 1120 437 1187 movebant
453 1115 715 1198 tintinnabula,
750 1126 785 1182 et
798 1113 979 1182 iactabant
993 1137 1049 1181 ca·
1101 1139 1143 1185 ea
1167 1116 1316 1187 minime
1340 1118 1387 1187 sit
1416 1142 1520 1187 causa
1547 1118 1728 1199 mollitiei;
1778 1121 1840 1190 sed
1869 1120 2015 1189 divitiae
2050 1134 2086 1189 et

61 1232 147 1312 put,
186 1217 277 1290 sicut
302 1216 495 1291 histriones
529 1232 564 1288 et
596 1217 686 1286 fatui
718 1217 844 1286 solent.
908 1214 1049 1284 Horum
1101 1218 1214 1289 victus
1245 1232 1280 1288 et
1308 1219 1581 1291 incontinentia.
1645 1221 1762 1316 Atque
1788 1218 1876 1290 haec
1898 1222 2084 1292 Strabonis

63 1344 172 1411 opera
207 1318 342 1414 Iupiter
374 1323 488 1391 fertur
520 1324 706 1391 educatus:
760 1340 831 1411 qua
864 1318 908 1387 de
943 1340 1047 1386 causa
1101 1320 1293 1412 descriptio
1323 1321 1472 1391 omnino
1508 1323 1723 1394 couveniens
1755 1336 1789 1392 et
1813 1327 2084 1393 accommodata

63 1424 170 1491 etiam
187 1419 400 1506 histriones,
427 1448 589 1507 scurrae,
625 1433 660 1490 et
677 1419 859 1489 moriones
885 1419 923 1487 in
949 1430 1048 1488 tanta
1102 1436 1156 1493 est
1186 1423 1418 1515 descriptioni
1451 1424 1665 1494 Ovidianae.
1732 1423 1954 1495 Describitur
1989 1425 2083 1495 enim

61 1536 146 1593 sunt
174 1526 289 1615 gratia
319 1526 415 1616 apud
444 1550 544 1615 reges
576 1548 617 1592 ac
647 1521 845 1613 principes,
884 1533 924 1591 ut
945 1545 1050 1611 saepe
1100 1525 1258 1616 primum
1276 1527 1321 1595 ab
1333 1526 1467 1596 Ovidio
1484 1526 1582 1597 locus
1596 1527 1803 1596 deliciarum
1822 1551 1862 1595 ac
1881 1527 2086 1619 voluptatis,

61 1621 264 1697 habeantur
297 1626 442 1711 intimi,
493 1625 711 1718 caeterisque
747 1622 913 1693 omnibus
946 1646 1051 1715 prae·
1101 1652 1231 1719 nempe
1257 1625 1636 1725 (vo.297-301.):

61 1730 236 1798 serantur.

288 1910 351 1981 De
379 1910 528 1980 Croco
555 1920 596 1978 et
622 1908 831 1980 Smilace.

112 2046 175 2119 Vs.
189 2046 278 2121 283.
305 2053 350 2119 Et
367 2053 494 2121 Crocon
510 2049 548 2114 ia
561 2068 686 2134 parvos
709 2069 840 2118 oeream
862 2071 937 2116 cum
951 2049 1050 2119 Smi-

472 2150 545 2218 lace
561 2146 677 2234 liores.

164 2250 263 2338 Sicut
285 2263 485 2356 Lycaonis,
509 2262 701 2354 Daphne&
737 2262 851 2355 Cygni
873 2277 909 2332 ⁰²
928 2263 1050 2355 Nym·
1101 2302 1242 2373 Deinde

63 2390 204 2451 menes,
238 2368 289 2434 ita
306 2366 411 2434 Croci
438 2377 473 2432 et
496 2364 658 2433 Smilacis
680 2365 800 2433 fabula
823 2388 866 2432 ex
886 2364 1050 2433 similitu-

63 2472 146 2541 dine
163 2468 351 2538 nominum
368 2467 516 2532 conlicta
535 2475 598 2534 est.
649 2463 815 2554 Pingitur
831 2475 950 2533 autem
963 2464 1051 2532 Cro-

64 2596 125 2642 cus
147 2570 254 2639 suisse
280 2567 503 2650 adolescens,
544 2564 643 2634 cuius
666 2589 789 2634 amore
813 2589 894 2634 cum
915 2563 1052 2635 Smilax

64 2672 183 2766 puella
201 2682 291 2740 esset
305 2668 468 2752 incensa,
502 2690 618 2760 neque
640 2667 713 2736 lrni
734 2680 874 2759 posset,
908 2666 983 2760 ipsa
1013 2667 1052 2734 in

63 2776 190 2843 florem
207 2775 261 2842 sui
278 2769 436 2839 nominis
458 2793 628 2839 conversa
652 2781 723 2854 est,
755 2770 793 2838 id
820 2770 916 2864 quod
943 2768 1052 2838 etiam

64 2876 180 2948 Croco
201 2872 341 2943 accidit.

164 3101 183 3146 ,
377 3054 601 3126 Salmacis
626 3055 743 3125 fons.

115 3194 194 3268 Vss.
212 3188 289 3268 285
306 3219 359 3289 sq.
390 3197 483 3265 Unde
499 3197 547 3263 sit
562 3191 704 3281 infamis
712 3224 725 3278 3
757 3214 862 3286 quare
874 3193 962 3265 male
975 3190 1053 3281 for·

469 3299 560 3367 tibus
576 3299 678 3365 undis

115 3400 288 3471 Salmacis
302 3408 448 3469 enervet.

169 3512 514 3609 Hermaphroditum
536 3516 675 3605 fingunt
689 3514 861 3584 Mercurii
885 3528 921 3584 et
936 3513 1053 3583 Vene-

67 3619 116 3690 ris
129 3619 263 3703 filium,
290 3620 449 3712 eoquod
471 3618 572 3688 stella
589 3617 760 3687 Mercurii
782 3618 829 3685 ob
851 3616 1054 3709 qualitates,

67 3721 197 3815 quibus
218 3733 377 3812 praeest,
417 3721 558 3787 mediae
584 3731 735 3787 naturae
759 3730 925 3808 putatur3
967 3741 1051 3784 nam

26 3898 29 3903 ,
65 3847 148 3892 cum
165 3822 256 3889 aliae
279 3821 402 3890 stellae
424 3821 468 3888 ab
491 3819 680 3908 astrologis
702 3819 868 3887 dicantur
889 3818 1054 3888 masculi-

64 3948 135 3993 nae
167 3933 317 4013 propter
345 3920 461 3990 maius
490 3921 622 4002 robur,
668 3934 750 4014 quo:
775 3920 932 3988 calorem
962 3921 1053 3989 exci-

66 4035 164 4103 tant;
182 4023 272 4092 aliae
287 4045 372 4093 vero
387 4022 563 4091 femineae
577 4035 725 4112 propter
741 4022 931 4091 debiliores
948 4022 1053 4105 vires,

65 4138 101 4196 et
126 4138 292 4195 naturam
316 4120 476 4207 humidi,
511 4123 568 4194 cui
594 4124 845 4194 dominantur:
882 4124 1054 4195 Mercurii

64 4229 166 4299 stella
182 4251 278 4299 nunc
299 4222 488 4296 humidum
511 4226 653 4295 abunde
678 4228 807 4296 excitat
829 4251 897 4319 pro
921 4227 992 4296 situ
1018 4240 1053 4297 et

64 4343 168 4401 motu
191 4355 276 4414 suo,
307 4330 397 4399 sicut
412 4327 580 4399 Iovianus
593 4328 781 4400 Pontanus
804 4330 909 4399 docet
930 4331 974 4397 de
997 4352 1053 4398 re·

1399 1775 1553 1854 atapnum
1569 1768 1709 1836 lucentis
1721 1768 1768 1835 aa
1782 1769 1887 1834 imum

1157 1870 1265 1960 Usque
1278 1868 1384 1934 solum
1398 1868 1570 1956 lympham
1596 1891 1664 1936 non
1678 1867 1751 1936 illic
1764 1891 1876 1937 canna
1889 1865 2066 1951 palustris,

1152 1970 1226 2036 Nec
1239 1969 1375 2037 steriles
1387 1969 1483 2038 ulnae
1489 2019 1501 2051 ‚
1528 1992 1589 2038 nec
1604 1979 1703 2039 arada
1719 1972 1854 2056 cuspide
1867 1970 1970 2037 iunci.

1153 2071 1357 2155 Perspicuus
1373 2070 1484 2162 liquor
1498 2081 1565 2152 ests
1590 2075 1705 2160 stupui
1720 2080 1831 2139 tamen
1848 2073 1967 2138 ultima
1981 2069 2055 2135 civo

1153 2172 1281 2258 Cespite
1294 2174 1493 2261 cinpuntur,
1520 2195 1711 2265 semperque
1725 2175 1910 2242 virentibus
1924 2170 2049 2237 lerlis.

1274 2278 1486 2376 describitur
1512 2304 1680 2400 Nympha
1705 2307 1921 2379 inertisslmo
1946 2307 2019 2374 otio
2053 2315 2088 2372 et
2117 2372 2126 2391 ‚

1103 2406 1286 2475 amoribus
1302 2407 1421 2476 dedita
1443 2408 1537 2499 (Vss.
1555 2409 1820 2506 302-319.):

1153 2542 1312 2630 Nympha
1327 2544 1404 2613 colit
1412 2573 1424 2627 ,·
1450 2546 1508 2611 sect
1525 2568 1585 2612 nec
1597 2547 1771 2615 uenatibus
1787 2554 1866 2633 apta
1874 2594 1886 2626 ‚
1913 2566 1974 2610 nec
1988 2565 2088 2611 arcus

1153 2644 1299 2713 flectere
1314 2668 1398 2736 quae
1412 2645 1533 2727 soleat,
1559 2670 1619 2715 nec
1634 2670 1718 2739 qrrae
1733 2649 1929 2717 contendere
1944 2669 2061 2714 cursu:

1154 2744 1301 2836 Solaque
1318 2749 1488 2816 Naiadum
1504 2748 1606 2815 celeri
1619 2772 1683 2816 non
1700 2759 1779 2818 nota
1796 2753 1944 2817 Dianae.

1155 2848 1264 2934 Saepe
1279 2871 1358 2917 suas
1375 2850 1429 2918 illi
1439 2845 1536 2935 fama
1551 2860 1601 2918 est
1615 2853 1748 2919 dixisse
1762 2873 1913 2919 sorores:

1154 2949 1324 3033 Salmaci,
1350 2953 1401 3018 uel
1414 2950 1576 3037 iaculum,
1603 2954 1654 3020 cel
1665 2956 1775 3040 pictas
1787 2974 1879 3020 sume
1891 2951 2089 3039 pharetras,-

1156 3056 1201 3121 Et
1217 3062 1277 3121 tua
1295 3076 1370 3121 cum
1384 3058 1483 3125 duris
1497 3057 1671 3124 uenatibus
1687 3058 1756 3124 otia
1773 3059 1884 3124 misce.

1156 3158 1228 3224 Nec
1245 3156 1390 3226 iaculum
1405 3160 1524 3239 sumit,
1552 3180 1611 3224 nec
1622 3162 1733 3245 pictas
1749 3158 1808 3226 illa
1821 3156 2003 3245 pharetras
2010 3206 2022 3238 ,

1155 3262 1228 3327 Nec
1243 3281 1306 3326 sua
1321 3282 1395 3327 cum
1408 3262 1505 3328 deiris
1520 3261 1693 3329 moralibus
1709 3263 1778 3329 otia
1793 3262 1920 3327 miscet.

1156 3362 1226 3431 Sed
1238 3363 1332 3429 modo
1342 3359 1437 3449 sonte
1451 3383 1511 3429 suo
1523 3359 1689 3449 formosas
1701 3363 1827 3450 perluit
1841 3370 1956 3429 artem

1156 3465 1266 3549 Saepe
1282 3467 1457 3550 Cytoriaco
1471 3467 1603 3533 miracu
1614 3468 1745 3552 pectine
1760 3468 1872 3532 crines
1879 3492 1891 3543 ς

1156 3569 1202 3632 Er
1217 3567 1297 3654 quial
1313 3588 1349 3631 se
1364 3568 1498 3646 deceat,
1524 3575 1690 3652 spectatas
1706 3566 1850 3633 corrsrrlit
1866 3564 1986 3629 candus.

1155 3669 1258 3732 Nunc
1268 3665 1452 3750 perlucenti
1467 3668 1676 3733 circumdata
1691 3688 1810 3751 corpus
1825 3668 1949 3731 amictu
1957 3711 1969 3742 ,

1155 3764 1320 3835 Mollibus
1334 3776 1393 3834 arat
1401 3764 1518 3853 foliis,
1546 3775 1606 3833 aret
1621 3767 1774 3833 mollibus
1790 3765 1924 3833 incubat
1940 3762 2063 3831 herbis.

1155 3870 1265 3953 Saepe
1280 3867 1359 3954 teon
1372 3868 1493 3955 fiores,
1518 3880 1552 3938 et
1567 3877 1648 3935 tunc
1661 3890 1784 3960 quoque
1793 3866 1882 3956 sorte
1896 3866 2038 3953 lepelat,

1156 3974 1238 4040 lium
1251 3991 1393 4056 puerum
1407 3972 1510 4051 uidit,
1535 3973 1704 4063 uisumque
1718 3975 1843 4058 aptant
1855 3969 1987 4038 tatem.

1154 4076 1226 4141 Nec
1239 4081 1351 4140 tamen
1370 4082 1449 4142 ante
1461 4074 1567 4154 adiit,
1594 4077 1658 4142 etsi
1671 4072 1871 4160 properabat
1888 4074 2002 4151 adire,

1156 4177 1265 4258 Quam
1277 4196 1312 4242 se
1325 4179 1524 4261 composuit,
1551 4198 1651 4266 param
1665 4177 1908 4261 circumspexit
1926 4176 2070 4241 amictus

1154 4279 1198 4344 m
1209 4274 1321 4363 finxit
1337 4279 1480 4358 vultum,
1505 4286 1537 4345 et
1554 4282 1677 4346 meruit
1688 4276 1839 4366 formosa
1852 4279 1970 4345 videri.

64 4432 131 4503 bu,
157 4432 378 4503 coelestibus,
438 4426 1053 4525 poffosalmacidffsNymphaefa,
1104 4408 1247 4480 Etenim
1264 4406 1352 4479 haec
1370 4413 1489 4481 omnia
1508 4412 1671 4483 mollium
1690 4426 1724 4481 ct
1738 4412 2002 4481 luxuriosorum
2024 4403 2089 4475 ho·

64 4535 147 4606 bula
166 4560 241 4604 non
258 4547 332 4603 tam
347 4534 392 4602 ad
409 4533 536 4604 vitium
555 4556 683 4628 aquae,
700 4559 808 4629 quam
824 4536 869 4603 ad
883 4533 1051 4603 inertiam
1104 4513 1242 4583 minum
1267 4513 1414 4605 Pf⁰P¹l³
1440 4527 1542 4599 ⁸⁰⁸¹,
1575 4517 1677 4608 sequi
1702 4515 1836 4597 ⁰ll¹¹¹¹¹2
1870 4525 2009 4604 pectere
2033 4532 2089 4575 ω·

66 4649 101 4706 et
122 4638 341 4708 desidiosum
364 4635 497 4720 otium,
525 4660 598 4730 quo
620 4637 713 4706 vire,
736 4633 924 4706 hominum
950 4660 1053 4705 ene„
1103 4616 1228 4707 pillos,
1254 4639 1329 4686 sese
1346 4617 1390 4685 ad
1408 4618 1590 4708 speculum
1614 4619 1765 4700 intueri,
1799 4630 1834 4684 et
1855 4615 1917 4683 illo
1931 4617 2088 4730 'docente
2159 4714 2166 4729 ·

64 4751 218 4824 vantur,
252 4740 437 4809 referenda
460 4751 524 4809 ρει,
582 4736 698 4807 Erant
721 4737 816 4807 enim
835 4738 965 4821 Cares,
988 4738 1052 4833 qui
1103 4719 1241 4788 vultum
1266 4743 1493 4810 componere.
1552 4720 1665 4788 Amor
1689 4720 1864 4813 siquidem
1891 4728 2005 4783 otiosa
2032 4734 2090 4780 res

65 4863 108 4910 eo
123 4840 203 4910 loco
221 4836 452 4925 habitabant,
474 4837 639 4912 homines
655 4841 811 4912 desidiae
833 4853 868 4911 et
889 4841 1052 4910 luxuriae
1104 4833 1175 4903 0⁵1,
1216 4833 1270 4902 ⁹¹2
1297 4823 1615 4914 '‘lueflffldfflffllum
1657 4822 1706 4889 ἢῆ
1736 4820 1953 4898 Menandes’
1992 4824 2090 4881 amat

65 4941 188 5036 piena,
214 4944 380 5015 acfoeaa
398 4944 511 5013 aeaau
532 4942 758 5015 uniamus:
787 4945 883 5013 unae
910 4954 946 5012 u
962 4942 1051 5012 fler.
1102 4922 1244 5014 uetula
1261 4936 1296 4992 et
1308 4923 1416 4993 flavas
1434 4947 1556 4991 comae
1574 4923 1766 5003 tincturas,
1792 4921 1882 5009 fucit
1897 4917 2056 4986 ¹³b01e⁸=

64 5040 285 5136 maphroditi
309 5047 416 5137 vulgo
438 5044 723 5139 appellabantur.
783 5045 877 5118 Nam
901 5044 1052 5114 llerma-
1145 5058 1259 5158 Ἔρως
1278 5058 1353 5161 γὰρ
1377 5057 1497 5158 ἀργόν
1520 5057 1610 5132 aaut
1633 5064 1710 5140 τοῖς
1738 5058 1857 5157 ἔργως
1879 5056 1951 5153 ἔφη

63 5143 254 5240 phroditus
270 5147 402 5216 dicitur
416 5172 492 5216 non
514 5148 651 5231 solum,
688 5148 751 5242 qui
772 5161 966 5242 utrumque
987 5143 1051 5216 ha·
1152 5167 1252 5259 φιλεῖ
1274 5159 1464 5255 saccaron
1472 5214 1482 5246 ,
1509 5159 1572 5233 χαὶ
1590 5156 1705 5255 κόμης
1726 5157 1986 5254 mmmm,

64 5252 125 5320 bet
146 5252 368 5333 membrum,
402 5263 475 5319 tam
499 5249 603 5318 virile
625 5274 734 5342 quam
757 5251 949 5332 muliebre;
989 5251 1051 5322 sed
1152 5260 1282 5363 φεύγει
1304 5259 1344 5336 δὲ
1369 5259 1554 5355 μόχθους.

64 5426 269 5445 Μ-

98 5524 134 5578 n
140 5528 169 5587 1)
187 5528 280 5579 strab.
294 5526 330 5577 x.
348 5538 375 5590 p.
389 5524 451 5578 att.
478 5524 529 5576 Et.
546 5520 663 5576 camah
682 5533 708 5575 s.
723 5522 800 5578 tm.

1135 5519 1184 5587 98)
1204 5522 1295 5573 strab.
1313 5520 1390 5573 xlv.
1411 5533 1437 5583 p.
1452 5519 1512 5572 656.
1531 5518 1581 5569 Ed.
1599 5518 1715 5571 cuent.
1738 5530 1764 5575 a.
1781 5518 1857 5571 1620.
