4754 6014
34 230 160 395 ’7⁰6

84 486 253 555 Donatus
271 490 407 561 Chremi
420 489 467 586 ⁴¹)
489 489 677 580 legendum
697 501 817 559 censet
839 490 931 560 sicut
947 490 1074 582 Ulyssi.

76 588 144 657 νε.
160 587 222 658 16.
248 584 403 686 Μαι]
430 615 497 683 pro
515 616 621 661 nont
657 656 660 661 .
684 590 746 661 Vs.
762 589 824 661 64.
851 588 988 690 Caput]
1005 594 1075 662 Per

74 687 349 782 synecdochen,
375 716 459 783 pars
482 716 550 784 pro
575 705 665 763 toto.
745 706 749 711 '
774 692 836 764 Vs.
853 694 914 764 66.
944 686 1073 788 Vides]

75 794 201 874 idest,
224 795 404 881 provides.
506 789 743 893 disiunctis]
770 794 940 887 Eclipsis;
974 801 1073 867 deest

22 901 24 905 ’
85 894 200 965 enim:
224 890 317 964 nibil
336 898 475 968 efficies.
697 926 701 933 ·

279 1056 412 1149 'Actui
419 1060 462 1138 ll.
490 1065 600 1136 Scena
617 1062 676 1136 ΙΙΙ.
703 1067 852 1159 Argum.

182 1202 315 1270 Suadet
347 1198 560 1293 Pamphilo,
598 1214 705 1295 atque
739 1202 846 1270 etiam
871 1196 1069 1292 persuadet

80 1304 224 1386 Davus,
248 1317 289 1373 ut
309 1305 403 1396 patri
424 1305 522 1373 dicat
538 1328 685 1374 uxorem
703 1329 740 1374 se
756 1307 960 1381 ducturum.

180 1407 243 1477 Vs.
261 1408 294 1476 1.
339 1409 428 1491 Quid
456 1412 564 1498 igitur
585 1400 682 1502 citt]
731 1406 1001 1496 cogitabundus
1032 1418 1068 1475 et

78 1502 303 1579 stomachose
324 1504 529 1581 haecdicit.
581 1510 638 1579 Sic
653 1508 840 1596 Virgilius:
872 1509 969 1598 Quid
990 1507 1068 1579 vult

79 1634 273 1683 concursus
293 1613 339 1681 ad
364 1612 533 1681 amnem?
559 1611 606 1708 ν)
719 1616 845 1682 Dicam
863 1605 945 1709 titi]
973 1611 1066 1680 Con·

76 1714 196 1783 silium
223 1714 339 1796 servi,
364 1738 438 1808 quo
454 1710 667 1804 Pamphilus
689 1713 842 1783 insciens
865 1714 903 1781 in
927 1715 1067 1804 pericu·

76 1815 150 1885 lum
173 1815 374 1886 coniicitur.
476 1815 538 1887 Vs.
556 1815 591 1888 7.
617 1821 759 1888 Dictum
778 1842 824 1886 ⁴ac
840 1812 1001 1912 foetum]
1028 1814 1065 1885 id

77 1929 149 1999 est,
176 1918 356 2000 celeriter,
383 1915 462 2010 ἅμα
479 1917 584 2008 ἔπος,
608 1913 821 2014 ἅμαὲργον.
924 1918 986 1989 νε.
1002 1919 1065 1991 21.

76 2021 207 2108 Speras
223 2015 291 2115 ιι)]
316 2020 438 2102 idest,
465 2021 579 2090 times.
631 2017 822 2111 Virgilius:
855 2019 904 2087 At
925 2031 1064 2111 sperate

73 2118 170 2190 Deos
184 2121 244 2214 ⁴⁶).
301 2120 362 2190 νε.
379 2122 441 2194 26.
468 2115 680 2217 contacte]
708 2121 744 2189 id
759 2134 830 2205 est,
854 2124 1064 2193 cavendum.

73 2219 134 2294 νε.
152 2221 216 2296 29.
243 2220 456 2321 Durolitum]
483 2223 778 2316 impersonaliter
803 2237 976 2318 tanquam
1005 2248 1065 2292 ar-

74 2323 182 2394 duum
202 2337 237 2394 et
252 2348 373 2415 grave.

269 2458 274 2469 ·
296 2513 407 2584 Actus
422 2506 466 2579 11.
491 2508 604 2581 Scena
618 2508 681 2580 Ιν.
699 2510 849 2604 Argum.

176 2648 274 2719 Haec
287 2671 390 2720 scena
416 2645 649 2718 comiliorum
672 2646 918 2723 executionem
942 2645 1062 2718 babet.

73 2753 201 2822 Monet
214 2746 446 2844 Pamphilum
463 2749 607 2834 Davus,
633 2752 730 2843 apud
745 2762 886 2842 patrem
909 2774 956 2821 ne
978 2752 1063 2820 titu-

73 2857 151 2936 bet;
177 2856 241 2926 sed
257 2854 379 2923 animo
396 2852 578 2943 praesenti
591 2854 775 2947 loquatur.
848 2908 852 2915 .

175 2958 237 3028 Vs.
251 2962 288 3030 2.
314 2960 395 3027 Noa
407 2951 570 3052 matut]
597 2955 705 3026 Actio
719 2956 834 3028 tribus
848 2956 954 3026 rebus
978 2980 1067 3025 con-·

75 3071 162 3140 stat,
197 3060 409 3148 cogitando,
442 3059 616 3144 dicendo,
649 3062 820 3151 gerendo.
937 3057 999 3131 Vs.
1025 3056 1062 3130 6.

74 3158 255 3259 Differat]
283 3163 319 3229 id
335 3174 408 3243 est,
434 3161 621 3232 disturbet.
679 3176 682 3183 ’
712 3159 773 3232 νε.
789 3160 824 3231 7.
852 3166 1063 3234 cammaro

72 3264 200 3356 verm]
223 3262 292 3335 Est
303 3287 371 3356 pro
386 3262 491 3334 bonis
507 3263 611 3334 dictis
626 3263 720 3334 mala
733 3266 909 3356 ingerere.

268 3408 408 3525 'iacrus
421 3447 464 3520 11.
490 3451 603 3522 Scene
618 3451 663 3524 V.
687 3451 837 3544 Argum.

174 3583 405 3679 Pamphilum
420 3587 550 3680 Byrria
566 3589 753 3671 observat,
779 3588 874 3659 idem
890 3587 1061 3685 Pamphi-

72 3691 128 3758 lus
141 3689 238 3780 patri
253 3692 467 3778 respondet,
496 3714 533 3759 se
546 3692 745 3771 facturum,
772 3714 865 3783 quae
880 3694 976 3761 volet
990 3694 1061 3778 ille,

74 3789 216 3868 omnia3
242 3784 403 3861 Charino
421 3791 544 3858 eadem
561 3791 743 3859 renuntiat
759 3790 902 3885 Byrria.

168 3890 238 3962 ·νε.
258 3895 291 3963 1.
318 3894 433 3962 Herus
448 3886 528 3988 me]
553 3889 687 3961 lterum
704 3893 816 3977 mire,
841 3918 921 3963 cum
938 3921 1062 3969 omnes

73 3982 522 4085 conlllltissimesibiagere
531 3995 733 4079 videantur,
742 4020 866 4066 omnes
874 3999 1061 4092 inopinato

73 4122 196 4168 rerum
223 4098 320 4167 exitu
343 4096 583 4169 ludificantur.
668 4096 731 4170 Vs.
749 4098 785 4170 9.
821 4104 934 4198 Neque
953 4107 1041 4191 istis.

73 4199 223 4271 Vairum
240 4196 423 4290 Pamphili
441 4224 664 4292 responsum.
749 4201 810 4274 Vs.
829 4202 889 4276 14.
914 4210 1040 4279 Iidem·

76 4296 309 4400 ἐπιφώνημα.
337 4301 395 4371 Sic
408 4301 596 4394 Virgilius:
625 4303 810 4401 Nusquam
821 4320 897 4379 tuta
909 4306 1062 4406 Μεθ’).

72 4400 268 4475 luvenalis:
294 4403 422 4473 Fronti
438 4406 536 4476 nulla
555 4408 641 4478 fides
657 4408 716 4496 ν).

287 4592 399 4665 Actus
415 4591 459 4664 ll.
485 4594 597 4666 Scene
611 4593 671 4667 Vl.
693 4596 843 4688 Argum.

176 4725 217 4797 ln
239 4723 307 4798 hac
341 4754 445 4801 scena
470 4730 593 4801 Davus
614 4731 820 4821 Simonem,
860 4747 897 4803 et
918 4733 1060 4807 Davum

75 4826 174 4897 Simo
189 4830 298 4915 fallit,
323 4857 490 4928 quaeres
506 4857 580 4903 non
597 4833 791 4905 iniucunda
808 4849 871 4907 est.

108 5075 158 5143 41)
177 5077 307 5141 Chremi]
326 5081 369 5131 sle
387 5082 469 5135 ulan
487 5084 538 5138 u.
557 5084 648 5138 vous.
688 5132 692 5137 .

109 5159 159 5225 41)
178 5161 259 5226 Vlrg.
276 5164 346 5214 Aen.
360 5164 417 5229 Vt,
434 5165 496 5219 118.

109 5245 156 5310 44)
174 5251 293 5312 speras]
312 5249 361 5299 Ed.
381 5248 474 5302 vollb.
491 5262 599 5318 speras.

108 5329 158 5398 41)
180 5333 258 5398 vlrg.
278 5337 347 5385 Aen.
360 5335 388 5399 1,
405 5335 467 5387 541.

109 5416 158 5484 41)
177 5419 258 5483 virg.
275 5422 344 5470 Asa.
363 5420 493 5485 1ν,111.

109 5499 158 5568 47)
175 5501 270 5553 lorea.
289 5490 348 5554 fl'st.
366 5504 403 5571 11,
419 5504 448 5560 8.
465 5494 469 5499 ’

71 5584 389 5655 Rusucmona.
412 5590 496 5655 νει.
519 5592 608 5660 xlx.

378 315 483 392 XCll.
543 317 828 389 ENARRATIO
852 312 1219 388 COMOEDIARUM
1245 310 1490 386 TERENTII.
1541 317 1574 386 1.
1599 313 1825 388 ANDRIAE.
1885 316 1888 320 ’

2036 319 2112 399 706

1229 480 1288 553 νε.
1308 484 1341 554 1.
1366 487 1435 555 Hie
1450 510 1541 556 sune
1555 483 1637 583 nae]
1664 487 1787 559 Davus
1813 489 1860 558 ita
1887 489 1987 582 loqui
2014 489 2113 559 vide·

1124 595 1203 668 tur,
1230 597 1272 653 ut
1293 599 1472 676 spectator
1494 601 1634 665 tantum
1660 590 1799 669 audiat;
1832 593 1882 661 sic
1903 605 2026 661 tamen
2049 594 2112 676 ait,

1124 700 1164 754 ut
1181 687 1266 755 velit
1286 688 1411 757 audire
1428 712 1446 756 a
1468 690 1626 761 Simone.
1728 693 1788 762 Vs.
1804 692 1839 762 9.
1865 691 2003 790 Ridet]
2030 695 2113 764 Fal-

1121 788 1212 857 laeia
1229 788 1298 856 alia
1315 790 1422 859 aliam
1441 794 1566 863 trudit.
1669 791 1794 893 cavit]
1822 795 1918 886 Quid
1935 798 1972 864 in
1987 822 2110 867 amore

1122 893 1333 960 cavendum.
1463 893 1523 965 Vs.
1542 897 1600 967 16.
1626 894 1852 995 Subtristis]
1880 901 1952 971 sut
1977 898 2111 989 signib-

1120 1005 1240 1062 catum
1257 1005 1433 1084 temperat
1440 1047 1451 1079 ,
1476 1010 1516 1066 ut
1531 999 1702 1068 subridet.
1812 999 1872 1070 Vs.
1888 1004 1949 1074 20.
1972 1004 2110 1072 Draci-

1119 1090 1217 1191 mea]
1243 1090 1424 1165 Drachma
1449 1121 1491 1169 ex
1508 1099 1620 1169 XVlll
1641 1099 1779 1193 siliquis
1800 1115 1960 1185 constat,
1987 1105 2024 1171 id
2046 1116 2110 1187 est,

1119 1219 1162 1264 ex
1177 1198 1291 1267 tribus
1316 1200 1505 1291 scrupulis.
1612 1201 1673 1273 Vs.
1686 1202 1749 1277 24.
1775 1209 1854 1276 Non
1875 1201 2005 1302 lauda]
2030 1205 2109 1274 Mo·

1118 1298 1232 1368 destia
1287 1300 1425 1380 utitur;
1467 1327 1543 1373 non
1584 1305 1679 1375 enim
1725 1306 1834 1376 dicit:
1871 1306 2107 1398 reprehendo.

1116 1399 1180 1471 Vs.
1192 1402 1253 1474 26.
1283 1399 1486 1501 Vaassen]
1511 1405 1700 1478 lnduratus
1716 1422 1751 1478 et
1766 1409 1871 1480 tritus
1886 1410 1925 1478 in
1940 1410 2081 1482 astutia.

1278 1554 1288 1565 ’
1341 1575 1451 1647 Actus
1465 1572 1523 1648 111.
1546 1578 1659 1649 Scena
1675 1575 1702 1650 l.
1724 1578 1873 1689 Argum.

1217 1707 1318 1780 Simo
1340 1734 1429 1801 prae
1451 1714 1565 1785 nimia
1589 1717 1780 1808 sagacitate
1804 1718 1939 1787 mirum
1966 1716 2005 1785 in
2028 1739 2106 1786 mo-

1116 1808 1203 1879 dum
1227 1810 1384 1899 fallitur,
1408 1830 1554 1907 partum
1577 1819 1741 1890 simulari
1765 1823 1929 1904 credens,
1957 1819 2022 1921 qui
2043 1844 2107 1890 ve·

1115 1934 1177 1981 rus
1192 1926 1281 1982 erat.

1218 2014 1278 2084 νε.
1298 2016 1334 2102 6,
1361 2022 1414 2089 Ab
1438 2020 1607 2120 Andria]
1636 2022 1857 2092 Oeconomia
1884 2024 2105 2093 comicorum

1115 2138 1221 2208 saepe
1235 2117 1286 2187 sic
1299 2141 1338 2187 se
1355 2114 1474 2203 habet,
1500 2136 1541 2193 ut
1555 2149 1637 2195 casu
1652 2137 1796 2215 putetur
1816 2125 1986 2208 evenisse,
2006 2127 2104 2218 quod

1115 2218 1265 2290 consilio
1290 2220 1423 2293 factum
1445 2224 1502 2295 sit.
1619 2226 1680 2297 Vs.
1698 2229 1756 2298 15.
1784 2223 1968 2323 Fallacia]
1995 2227 2106 2295 Dece·

1114 2320 1192 2409 ptio
1212 2322 1306 2391 senis
1329 2346 1372 2391 ex
1395 2326 1608 2416 suspicione.
1634 2319 1637 2323 ¹
1733 2329 1795 2400 Vs.
1815 2329 1874 2400 19.
1900 2332 2084 2418 Discipuli.

1116 2419 1247 2505 idest,
1274 2420 1468 2514 Pamphili.
1593 2428 1654 2502 Vs.
1674 2437 1738 2506 22.
1763 2437 1808 2503 la
1825 2442 1928 2521 portu
1952 2435 2082 2523 moise.

1115 2518 1329 2615 Metaphora
1347 2550 1388 2595 ex
1404 2529 1515 2600 maris
1531 2531 1662 2624 quiete.

1337 2696 1447 2769 Actus
1460 2696 1519 2772 III.
1540 2704 1652 2773 Scena
1669 2702 1712 2778 11.
1738 2705 1887 2801 Argum.

1213 2828 1342 2902 Lesbia
1373 2839 1557 2926 egrediens
1587 2856 1732 2928 narrat,
1777 2870 1849 2939 quo
1876 2846 1915 2915 in
1941 2859 2036 2920 statu
2057 2849 2105 2920 sit

1113 2931 1317 3024 Glycerium
1334 2961 1531 3032 puerpera,
1556 2944 1663 3017 simul
1681 2947 1754 3038 agit
1772 2949 1816 3017 de
1833 2950 1951 3018 danda
1968 2950 2021 3018 illi
2038 2975 2105 3044 po·

1114 3034 1233 3119 tione,
1259 3037 1398 3110 imitata
1419 3046 1595 3131 medicos,
1632 3050 1695 3145 qui
1720 3051 1961 3142 praescribere
1985 3054 2104 3124 solent

1113 3139 1268 3228 aegrotis
1297 3144 1419 3213 omnia
1450 3150 1495 3216 ad
1521 3173 1621 3220 esum
1647 3166 1847 3248 potumque
1874 3155 2102 3248 pertinentia.

1112 3239 1252 3311 Deinde
1273 3242 1373 3315 Simo
1396 3260 1432 3318 et
1447 3247 1572 3323 Davus
1594 3256 1638 3323 de
1661 3280 1776 3347 puero
1797 3269 1884 3328 nato
1905 3259 2030 3330 callide
2051 3262 2103 3330 al-

1112 3355 1306 3417 terrentur.

1212 3445 1274 3519 νε.
1291 3451 1326 3520 1.
1358 3453 1553 3552 Adunicat]
1582 3457 1859 3534 Consuetudinis
1880 3476 1960 3546 est.;
1994 3490 2101 3557 opor-

1112 3560 1164 3616 tet
1183 3551 1412 3624 necessitatis.
1542 3556 1602 3630 Vs.
1620 3558 1655 3629 4.
1680 3566 1776 3635 Dare
1799 3561 1941 3661 libera]
1969 3565 2103 3637 Medici

1112 3645 1228 3718 adhuc
1243 3650 1445 3724 futurarum
1461 3681 1583 3728 rerum
1601 3660 1729 3730 incerti
1747 3666 1992 3754 praesentibus
2008 3668 2102 3738 indi-

1112 3750 1175 3819 ciis
1195 3752 1337 3823 firmam
1361 3757 1604 3834 valetudinem
1628 3762 1853 3856 pollicentur.
1943 3774 1945 3778 ’
1980 3768 2040 3841 νε.
2063 3770 2099 3844 9.

1117 3847 1207 3951 Vel]
1236 3853 1272 3923 id
1287 3868 1357 3941 est,
1383 3860 1504 3933 etiam.
1555 3862 1674 3938 Locus
1696 3871 1742 3937 ab
1757 3869 2026 3959 incongruentia
2046 3873 2100 3944 rei

1113 3956 1368 4051 temporisque.
1495 3964 1556 4038 Vs.
1581 3965 1640 4040 16.
1683 3973 1778 4043 cere
1801 3969 1941 4070 terete]
1975 3973 2099 4048 Davus

1114 4052 1200 4126 haec
1223 4082 1355 4132 secum.
1482 4065 1542 4138 Vs.
1568 4071 1627 4142 16.
1672 4068 1838 4171 Veritus]
1872 4074 2099 4148 verecundia

1113 4158 1216 4229 liberi
1235 4174 1304 4243 est;
1328 4164 1423 4234 servi
1438 4191 1524 4240 vero
1542 4185 1668 4245 metus.
1713 4175 1773 4247 Vs.
1783 4179 1845 4252 20.
1872 4177 2099 4280 Μίλὶεε.”)]

1114 4260 1191 4332 Hoc
1214 4266 1261 4334 ad
1282 4265 1376 4336 senis
1400 4272 1656 4364 perspicaciam
1679 4290 1834 4367 spectat,
1861 4283 1963 4375 quasi
1985 4286 2096 4355 dicat:
2215 4320 2220 4333 ·

1114 4363 1189 4455 Ego
1206 4364 1281 4457 ipse
1298 4368 1471 4463 intelligo.
1573 4376 1633 4450 Vs.
1649 4377 1711 4454 24.
1735 4386 1849 4472 Εροεε
1862 4380 1922 4456 te?
1935 4383 2001 4483 ιθ)]
2027 4378 2103 4459 lita

1114 4467 1262 4549 nomina
1279 4465 1542 4548 vehementiam
1557 4475 1703 4553 habent.
1769 4483 1831 4556 Vs.
1845 4489 1908 4562 27.
1935 4490 2099 4581 Deferret

1111 4572 1282 4664 puerum]
1300 4572 1373 4645 Ubi
1388 4578 1496 4648 sentit
1512 4584 1588 4652 seni
1603 4587 1764 4657 nondum
1781 4612 1991 4679 persuasum
2007 4587 2100 4663 hane

1115 4697 1261 4762 parere,
1286 4677 1443 4750 affirmat
1458 4706 1581 4755 servus
1596 4710 1673 4756 eam
1692 4713 1839 4779 parere,
1861 4705 1894 4763 et
1911 4695 2101 4773 tamenim

1115 4789 1252 4858 narrat,
1272 4791 1311 4846 ut
1327 4780 1534 4872 opinionem
1552 4787 1629 4856 seni
1645 4790 1753 4859 faciat
1765 4793 1927 4863 simulari
1943 4809 2099 4886 partum.

1113 4876 1175 4948 Vs.
1196 4878 1258 4951 12.
1294 4883 1559 4983 castaeorum]
1596 4888 1720 4963 Multis
1750 4894 1859 4984 signis
1894 4897 2100 4969 coniectura

1115 4992 1264 5052 constat.
1381 4984 1442 5058 Vs.
1458 4989 1518 5059 36.
1551 4988 1763 5194 Moventur}
1794 4996 1928 5082 idest,
1961 5012 2102 5092 pertur-

1114 5082 1258 5154 bantur.
1373 5086 1437 5163 Vs.
1452 5088 1514 5161 68.
1546 5096 1733 5183 Pamphilo.
1790 5095 2020 5193 Pamphilum
2055 5104 2102 5175 ab

1116 5207 1238 5255 amore
1255 5184 1439 5260 divertisse
1455 5195 1592 5266 asserit.
1677 5196 1738 5269 νε.
1755 5196 1816 5272 44.
1842 5206 1922 5275 Nos
1936 5203 2100 5303 impulit]

1117 5340 1244 5351 u——--—-
1253 5344 1280 5349 -—
1289 5344 1316 5352 —-

1148 5416 1198 5472 48)
1215 5415 1341 5477 mutua]
1359 5421 1408 5475 Ed.
1428 5421 1520 5479 Vottb.
1538 5426 1614 5479 Min.

1148 5515 1197 5583 49)
1218 5519 1319 5586 leone
1334 5517 1400 5586 tsi]
1418 5526 1468 5583 td.
1485 5527 1577 5582 vous.
1587 5531 1660 5673 ἐκ
1679 5546 1737 5586 sos
1754 5528 1806 5589 tel
