4762 6008
254 299 330 375 879
832 292 955 367 Pllll..
990 290 1103 365 Mul..
1136 290 1338 365 SCRIPTA
1370 288 1706 362 PHILOLOGICA.
2210 300 2286 377 300

254 483 397 542 natura.
456 467 630 536 Recensct
663 475 780 545 autem
813 489 873 533 sex
902 467 1029 533 modos
1058 475 1157 533 ortus
1187 487 1243 532 ar·
1392 462 1454 530 Vs.
1469 457 1530 531 44.
1563 465 1712 533 Litteris
1730 456 1841 557 orum]
1868 460 1905 530 id
1928 474 1998 546 est,
2031 466 2177 560 naviges
2201 496 2282 541 me-

257 574 401 644 borum.
1295 587 1395 647 curn,
1422 586 1496 630 non
1514 564 1639 650 procul
1654 586 1674 630 a
1691 562 1812 631 littore
1831 560 2023 647 provehar.

358 671 419 741 νε.
434 669 493 740 10.
520 672 673 759 Namque
687 660 792 761 uliae]
816 663 938 733 Prima
956 663 1106 756 species:
1134 689 1243 759 quae·
1394 664 1456 735 νε.
1474 659 1534 734 46.
1560 668 1604 734 lu
1618 659 1789 760 munibus]
1812 665 1847 732 id
1865 678 1935 749 est,
1962 681 2068 737 erunt
2082 670 2229 744 vicinae.

258 779 340 846 dam
356 784 482 862 sponte
497 779 703 838 nascuntur.
1394 765 1457 834 Vs.
1481 764 1543 835 47.
1581 770 1706 854 Sponte
1729 768 1810 858 suu]
1848 767 2052 839 Secundum
2079 787 2204 864 caput,
2245 789 2282 845 et
2341 860 2343 864 y

357 872 418 942 Vs.
439 874 496 944 12.
537 871 643 941 Molle
671 863 772 965 siler]
805 865 864 936 die
897 866 1041 936 kleinen
1068 868 1242 960 ryetleyn.
1293 869 1399 958 plane
1418 880 1557 937 secutus
1571 880 1623 936 est
1638 867 1800 936 ordinem
1819 864 2076 961 Theophrasti.

255 976 349 1049 Siler
369 975 514 1066 proprie
527 971 701 1061 significat
715 993 862 1062 parvam
880 969 1035 1040 salicem.
1091 968 1242 1061 Alioqui
1394 967 1455 1037 Vs.
1471 967 1532 1038 49.
1575 971 1701 1058 Quippe
1720 964 1806 1066 eolo]
1842 971 1879 1038 id
1910 986 1981 1057 est,
2022 973 2115 1047 inest
2147 975 2197 1047 eis
2230 975 2286 1046 vis

257 1081 341 1152 siler
355 1090 569 1146 montanum
584 1074 690 1164 vulgo
707 1085 857 1141 vocatur
878 1072 915 1140 in
940 1071 1163 1164 myriopoliis
1189 1095 1243 1141 se·
1294 1070 1473 1139 crescendi
1488 1093 1552 1160 per
1575 1093 1662 1142 sese.

258 1181 341 1262 seli,
381 1176 639 1246 leldtkummel.
705 1174 827 1242 Simile
859 1188 910 1244 est
942 1174 1140 1256 foeniculo,
1180 1175 1242 1242 sed
1394 1169 1532 1241 νεὸι.
1567 1175 1755 1265 Exueriut]
1782 1171 1954 1265 Exemplo
1982 1189 2099 1269 potest
2128 1202 2202 1249 esse
2226 1178 2281 1268 pi-

257 1307 332 1355 non
363 1293 415 1348 est
445 1277 640 1369 serpillum.
778 1272 1020 1372 Geuistue⁸⁴)]
1064 1277 1243 1366 psrymen‚
1294 1287 1523 1352 nusuostra;
1556 1271 1732 1344 hortensis
1757 1276 1850 1342 enim
1876 1272 1984 1346 habet
2005 1280 2172 1361 nucleos,
2210 1281 2279 1371 syl·

257 1374 567 1474 Graeciouoiprou
585 1390 732 1458 vocant,
766 1379 809 1444 da
829 1402 914 1445 man
929 1379 985 1446 die
1000 1378 1126 1469 l'eygen
1142 1375 1242 1445 Korb
1296 1376 1420 1444 vestris
1444 1401 1530 1445 uon.
1648 1377 1807 1472 Gulluque
1825 1377 2012 1473 frequenti]
2045 1380 2147 1473 Quae
2175 1393 2279 1450 autea

258 1512 323 1558 aus
339 1479 478 1564 machi,
503 1494 538 1549 et
554 1483 656 1550 funes
673 1480 845 1549 nauticos.
1294 1477 1427 1544 suerint
1443 1478 1598 1557 steriles,
1623 1490 1708 1544 tunc
1726 1480 1816 1548 frunt
1837 1481 2014 1552 meliores.

360 1584 422 1653 Vs.
445 1584 505 1653 18.
541 1577 686 1678 Glauca]
721 1605 809 1671 grau
834 1582 908 1649 und
931 1581 1035 1664 blau,
1068 1580 1243 1678 εγλαῦξ,
1395 1577 1456 1650 Vs.
1471 1577 1532 1651 56.
1566 1583 1812 1676 crescentique]
1848 1583 1885 1651 id
1909 1595 1980 1666 est,
2012 1596 2205 1677 antequam
2229 1608 2282 1655 se·

258 1691 295 1760 id
313 1701 384 1768 est,
409 1698 552 1754 noctua.
1131 1703 1141 1716 ·
1296 1693 1433 1750 rantur.

359 1786 421 1857 Vs.
441 1783 500 1857 14.
526 1791 616 1856 Pure
630 1785 758 1875 autem]
781 1783 943 1853 Secunda
958 1781 1107 1877 species:
1135 1806 1244 1875 quae·
1398 1780 1458 1854 Vs.
1477 1785 1537 1855 61.
1564 1787 1717 1877 Scilicet]
1744 1786 1875 1878 Magna
1892 1810 1976 1857 cura
1993 1810 2081 1878 opus
2095 1799 2165 1868 est,
2194 1809 2277 1856 cum

258 1896 342 1964 dam
363 1890 529 1957 oriuntur
544 1911 605 1956 seu
623 1899 818 1955 nascuntur
835 1885 1039 1955 exsemine.
1297 1885 1560 1956 transferuntur
1575 1888 1733 1958 arbores.

359 1989 419 2061 Vs.
438 1988 497 2060 16.
521 1990 701 2079 desertius]
726 1984 866 2080 Eyche,
891 1999 943 2056 est
959 1986 1093 2078 species
1106 1985 1244 2076 glandi·
1397 1985 1457 2058 νε.
1473 1990 1534 2060 63.
1563 1992 1725 2082 Truncio]
1753 1989 1885 2058 scilicet
1899 1990 2037 2061 insitae.

256 2100 414 2169 serarum
430 2114 492 2162 seu
512 2113 720 2183 quercuum.
1397 2087 1458 2160 νε.
1472 2091 1533 2164 64.
1557 2095 1714 2186 Myrtus]
1741 2091 1866 2162 similis
1887 2093 2051 2187 myrtilo,
2084 2093 2166 2159 dem
2191 2085 2280 2181 lrey·

361 2193 420 2264 Vs.
438 2192 496 2262 17.
537 2194 701 2283 Pullulat]
734 2189 858 2259 Tertia
881 2190 1031 2280 species:
1068 2190 1243 2282 quaedam
1296 2192 1429 2261 delher.
1967 2236 1970 2240 -

260 2325 303 2371 ex
317 2296 497 2368 radicibus
516 2294 744 2385 proveniunt.
1399 2293 1457 2366 Vs.
1479 2294 1539 2366 66.
1582 2292 1776 2395 Fraxiruu]
1808 2292 1959 2369 Eschen.
2078 2295 2279 2387 Herculeae]

359 2397 419 2466 Vs.
438 2400 499 2469 22.
525 2400 615 2467 Sunt
629 2395 707 2486 ulii]
733 2391 943 2462 Artificiales
959 2388 1070 2460 modi.
1296 2394 1333 2463 id
1355 2408 1425 2478 est,
1452 2397 1616 2488 populus.

361 2498 422 2568 Vs.
439 2498 500 2571 23.
527 2501 596 2567 Hic
613 2497 767 2586 pluuias]
792 2495 928 2586 Quarta
951 2492 1103 2584 species:
1138 2514 1245 2586 quae·
1398 2496 1458 2569 Vs.
1477 2500 1539 2573 68.
1565 2505 1685 2595 Attea]
1712 2505 1841 2575 danne.

260 2608 345 2675 dam
364 2601 511 2668 arbores
527 2611 694 2667 seruntur
710 2597 853 2686 plantis.
1396 2600 1457 2673 νε.
1475 2601 1536 2675 69.
1562 2607 1734 2675 Inseritur
1748 2607 1841 2696 uero]
1866 2605 2001 2676 Nucem
2026 2602 2215 2674 inserimus
2241 2603 2279 2670 in

360 2702 421 2773 Vs.
436 2697 498 2774 25.
546 2693 673 2796 Vallos]
715 2698 751 2765 id
789 2710 859 2778 est,
900 2694 1079 2765 interdum
1114 2693 1245 2764 seritur
1296 2701 1475 2776 arbutum.
1540 2703 1662 2776 Nostri
1692 2708 1815 2777 rustici
1843 2708 1971 2778 arbuta
1998 2705 2182 2797 appellant
2207 2728 2281 2775 ars-

260 2809 404 2900 planta,
429 2801 609 2870 interdum
627 2812 784 2869 truncus.
1267 2743 1416 2919 ]kretz,
1454 2819 1645 2899 propterea
1681 2811 1777 2901 quod
1807 2809 1933 2900 paleae
1966 2806 2132 2877 intestina
2166 2807 2282 2875 offen-

362 2905 422 2975 νε.
440 2903 502 2976 26.
527 2904 773 2997 Syluurumpue
784 2901 889 2991 uliae]
915 2895 1072 2991 Quintus
1097 2898 1242 2965 modus:
1267 2928 1272 2983 ι
1296 2908 1395 2980 dant.

131 2994 175 3075 ’7-3
258 3008 433 3105 quaedam
453 3017 615 3074 crescunt
627 3003 909 3096 propagatione,
943 3011 983 3068 ut
1005 2997 1087 3066 vitis
1108 2986 1272 3080 crescit,l
1397 3010 1457 3082 vs,
1475 3011 1536 3082 70,
1575 3014 1732 3103 Plutum]
1773 3036 1838 3084 nos
1867 3035 1942 3083 non
1972 3008 2155 3082 habemus.
2214 3006 2280 3079 Est

110 3124 144 3207 .'
259 3111 537 3188 eeinmrvamr,
569 3106 606 3173 in
627 3118 834 3196 terramque
857 3101 1089 3192 deprimitur,
1123 3113 1158 3169 et
1183 3099 1243 3168 itta
1268 3152 1271 3173 ι
1295 3113 1544 3185 acborsimilis
1567 3114 1684 3196 tiliae,
1713 3128 1748 3183 er
1772 3128 1824 3186 est
1839 3114 1975 3186 Graeca
1991 3115 2118 3196 arbor,
2152 3111 2281 3181 necin

258 3236 342 3307 pars
357 3210 541 3280 incurvata
558 3231 680 3277 rursus
696 3206 862 3295 erumpit.
1296 3214 1395 3284 ltalia
1414 3217 1557 3309 quidem
1574 3217 1709 3287 crescit.

363 3309 424 3383 νδ·
438 3310 500 3384 27·
527 3315 601 3381 5¹⁴⁰
614 3311 725 3400 77777]
752 3306 838 3374 Man
855 3300 972 3373 ffihm
988 3301 1042 3371 νὴ
1058 3313 1168 3394 well·
1397 3333 1457 3405 νε.
1474 3336 1535 3405 71.
1572 3329 1757 3433 Papiam]
1784 3333 1935 3408 buchen.
1987 3336 2079 3407 Sunt
2103 3336 2279 3430 quaedam

360 3411 421 3483 νε.
436 3413 497 3487 28.
531 3413 595 3481 Nil
619 3412 762 3494 radicis]
794 3407 921 3476 Sextus
942 3406 1088 3473 modus:
1121 3400 1246 3472 hortu·
1269 3416 1273 3525 ]
1298 3437 1526 3527 cognationes
1543 3439 1713 3507 arborum
1731 3451 1765 3506 et
1786 3433 2002 3533 mmm
2021 3451 2057 3508 et
2080 3437 2189 3506 etiam
2211 3437 2282 3509 dis,

205 3506 362 3585 'lanus
378 3514 536 3605 decerpit
552 3514 717 3580 frondem
741 3522 776 3577 et
799 3509 897 3626 serit.
1000 3501 1158 3602 Ριειαιυν]
1182 3507 1246 3623 der
1270 3532 1274 3629 ]
1298 3539 1453 3608 cordiae·
1558 3541 1688 3631 mm]
1707 3537 1936 3631 Hagenbuch,
2025 3539 2148 3629 Ulnia]
2165 3540 2202 3606 id
2215 3551 2281 3620 est,

258 3630 412 3709 gertuer.
463 3615 596 3684 Putare
613 3627 664 3683 est
681 3635 834 3704 purgare
848 3624 938 3680 vrtes
957 3622 992 3678 et
1006 3632 1166 3679 resecare
1189 3630 1247 3675 rn-
1270 3632 1274 3705 3
1298 3643 1416 3711 ulmus
1432 3639 1559 3731 accipi,
1574 3667 1681 3710 unam
1699 3667 1741 3712 ex
1757 3644 1973 3732 glandiferis·

258 3720 371 3789 utilia·
601 3823 609 3840 α
825 3816 833 3831 .
1076 3840 1083 3854 ·
1127 3812 1135 3829 ,
1184 3810 1221 3828 ,.
1385 3759 1460 3831 .νε.
1475 3760 1536 3832 78.
1566 3768 1639 3834 Nec
1654 3767 1786 3852 modus]
1813 3763 1975 3834 Tertium
2002 3773 2127 3855 caput,
2158 3759 2196 3827 id
2218 3770 2283 3841 ests

361 3820 421 3890 νε.
439 3820 500 3890 80.
542 3823 633 3905 Qum
653 3819 702 3912 et]
736 3818 916 3908 Septimus
937 3815 1084 3885 modus.
1126 3825 1246 3883 rnsrtro
1299 3862 1468 3934 differunt
1484 3864 1604 3935 insitio
1623 3878 1658 3934 et
1672 3866 1877 3937 inoculatio.
1928 3862 2112 3934 Interdum
2132 3860 2284 3934 surculis

259 3923 316 3991 vel
339 3921 546 3990 inoculatio.
897 3973 900 3977 -
1300 3966 1309 3982 .
1396 3967 1405 3982 .
1526 3969 1536 3985 .
1620 3971 1640 4036 d
1993 3993 2000 4007 Ι
2039 3968 2061 4036 d
2116 3965 2125 3982 .
2213 3965 2240 4033 ‚t

363 4022 423 4093 Vs·
441 4020 502 4091 84.
537 4025 641 4091 fem
663 4022 793 4112 pirum]
821 4018 975 4087 maxime
999 4041 1063 4107 per
1088 4016 1246 4085 mocula·
1298 3981 1486 4086 inseritur,
1524 3980 1618 4036 mter
1646 3994 1705 4036 um
1732 3992 1865 4038 semen.
1931 3968 2087 4086 Q.⁰‘¹i¹.⁰
2114 3989 2223 4036 mserr
2241 3987 2284 4033 ur

1298 4071 1458 4140 surculus
1475 4094 1512 4138 m
1530 4095 1726 4163 gemmam,
1760 4095 1800 4141 so
1823 4066 2100 4164 heystsrnsrt103
2137 4067 2283 4162 quando

260 4134 421 4291 710719ξῖῑὲ
439 4218 499 4290 35·
521 4117 1153 4316 aaa&iauel's‘is’mljglgingulas
1168 4241 1247 4311 spe·
1298 4196 1384 4242 vero
1399 4196 1540 4257 semen,
1566 4187 1650 4244 tunc
1667 4187 1719 4244 est
1732 4172 1939 4243 inoculatio.
1992 4171 2140 4242 Graecis
2159 4165 2284 4271 ἐγκὲν-

259 4322 341 4391 cies.
393 4323 477 4392 Non
491 4335 638 4413 usurpat
659 4316 718 4390 hic
741 4321 925 4390 dialectice
949 4319 1161 4389 vocabulum
1188 4345 1247 4412 ge.
1297 4296 1414 4374 ²9¹⁰ss
1427 4288 1478 4346 ἓν
1493 4276 1636 4360 5⁰⁸l¹l⁰³
1662 4270 1970 4411 57⁰i⁰3alll⁴⁰i⁶5f
1984 4273 2192 4343 3¹¹⁰c¹¹¹²¹llffl

260 4424 368 4495 neris,
1399 4393 1468 4467 νε..
1478 4392 1538 4466 74.
1571 4395 1761 4490 Numquu]
1794 4393 2004 4468 luoculatro.
2110 4386 2284 4490 Gemmue]

361 4524 421 4595 νε.
439 4525 498 4594 36.
522 4525 845 4620 Fructmqueferos]
860 4524 1137 4610 sententiosum,
1161 4527 1245 4620 quia
1299 4499 1335 4568 ld
1351 4509 1422 4584 ⁰³¹³
1449 4498 1555 4572 οων·
2247 4606 2257 4624 .

260 4628 397 4699 cultura
417 4629 534 4696 reddit
551 4654 673 4699 omnes
688 4630 824 4698 fructus
841 4629 1018 4698 meliores.
1396 4618 1458 4689 VS·
1473 4618 1534 4689 77·
1569 4624 1691 4718 Libro]
1724 4623 1855 4709 idest,
1890 4620 2025 4698 cortici·
2123 4609 2221 4704 fudo]
2247 4609 2288 4679 ιὰ

362 4742 422 4815 νε.
438 4745 500 4815 37.
525 4747 675 4837 Ismara]
702 4744 863 4831 Montem
887 4741 1076 4815 Thraciae.
1298 4735 1369 4806 esis
1394 4723 1568 4794 scinditur
1585 4728 1719 4800 Oculus·

361 4862 421 4934 Vs.
440 4865 500 4934 38.
532 4856 744 4959 Taburnum]
770 4863 931 4932 lllontem
950 4864 1112 4955 Apuliae.
1399 4844 1460 4916 νῦ·
1479 4844 1541 4916 78·
1566 4855 1638 4919 Aul
1653 4853 1806 4945 turtum]
1833 4848 1928 4919 llaec
1943 4861 1996 4920 eal
2011 4847 2144 4921 insitio.

364 4982 421 5051 Vs.
438 4982 498 5052 39.
537 4988 651 5077 Tuque
672 4984 767 5074 udos]
793 4956 1020 5075 Apostroplre
1043 4985 1087 5052 ad
1108 4973 1246 5050 Maece·
1397 4965 1459 5037 νε.
1475 4965 1536 5037 88.
1561 4972 1757 5062 Praeterea]
1778 4970 2097 5061 Quartumcaput,
2122 4968 2287 5060 singulae

260 5080 399 5162 uatem,
426 5097 552 5153 ornata
570 5080 795 5177 metaphora,
1296 5067 1429 5158 species
1447 5064 1582 5138 habent
1595 5073 1712 5140 varias
1727 5072 1979 5144 differentias.

265 5248 470 5267 m
1397 5186 1458 5257 νε.
1476 5184 1536 5258 84.
1562 5190 1662 5280 Loto]
1689 5188 1942 5263 Sandolbaum.

1297 5362 1500 5375 —--—--

294 5364 344 5424 u)
363 5362 512 5430 ammae]
531 5366 572 5415 sic
590 5369 638 5419 ud.
654 5369 746 5430 mm
772 5371 823 5422 ut.
843 5372 979 5436 Wagner.
998 5372 1142 5436 pentaloc-

292 5466 342 5526 ιε)
361 5466 431 5515 vtde
447 5468 512 5517 Met.
532 5471 655 5520 annotet.
674 5470 711 5519 aut
726 5469 828 5535 Georg.
843 5472 865 5536 1,
887 5473 943 5524 148.
961 5473 997 5523 ut
1013 5485 1074 5525 voc.
1091 5472 1208 5524 uim
1329 5471 1379 5533 20)
1398 5474 1510 5537 Fauor]
1527 5472 1569 5525 slo
1587 5475 1743 5538 1441641,
1769 5477 1819 5527 Ed.
1837 5477 1974 5541 Wagner.
1991 5474 2092 5542 [apua.
