4754 6014
68 336 302 415 78011011.
335 333 619 410 ENARRATIO
645 332 1012 406 COMOEDlARUM
1038 332 1287 407 TERENTll.
1321 337 1356 405 3.
1383 333 1968 408 HEAUTONTIMORUMENU.
2021 339 2096 411 704

122 510 195 604 Qui
210 508 259 580 sic
276 507 388 576 vincit
404 519 569 589 cunctos,
592 519 633 575 ut
647 502 777 574 habeat
792 503 973 573 neminem

122 613 347 692 Secundum,
374 621 474 676 tanto
491 608 521 678 is
538 608 693 677 comicus
709 619 760 676 est
773 628 860 696 prae
877 605 1038 689 caeteris,

121 713 375 806 Nequicquam
386 735 450 801 ego
461 709 566 779 istum
577 706 1029 789 nuncmororVolcatium,

121 813 293 907 Quisquis
307 813 336 882 is
352 824 416 894 est,
441 810 503 903 qui
516 811 620 902 longe
637 823 718 901 post
731 808 821 879 alios
836 805 933 876 hunc
949 808 1056 891 locat,

124 916 172 984 Ut
187 916 246 983 vix
259 916 298 982 in
313 925 411 983 sexto
428 912 535 981 faciat
550 913 707 1005 reliquos
725 908 905 1002 consequi.

120 1016 244 1085 Liceat
261 1018 305 1084 ab
320 1011 388 1083 hoc
403 1013 607 1096 dissentire,
632 1026 666 1081 et
682 1012 816 1103 primas
832 1013 918 1078 dare
933 1005 1030 1093 huic,

120 1119 192 1188 Per
206 1140 311 1211 quem
330 1118 436 1186 decus
453 1116 583 1185 retinet
600 1115 744 1207 aliquod
763 1111 1001 1204 proscenium.

122 1220 160 1288 si
177 1231 297 1308 tamen
313 1218 420 1287 etiam
438 1229 613 1300 meretur,
640 1229 680 1285 nt
696 1240 760 1306 ego
776 1214 952 1296 existimo,

122 1318 169 1389 Et
187 1344 251 1389 vos
265 1320 423 1401 sentitis,
446 1331 481 1387 et
494 1329 599 1388 testes
615 1317 696 1388 estis
713 1311 816 1398 mihi,

121 1422 328 1491 Praesentia
348 1421 410 1514 qui
425 1431 541 1490 vestra
562 1418 696 1489 ornatis
713 1430 786 1487 tam
803 1415 918 1484 malos

121 1523 270 1592 Actores
284 1535 357 1590 tam
373 1524 577 1614 frequente,
603 1532 678 1589 tum
696 1542 840 1613 quoque
855 1514 992 1585 fabulas

121 1625 255 1707 Huius,
281 1625 401 1715 pueris
416 1622 619 1713 proponitis
634 1635 741 1714 atque
758 1618 882 1690 sedulo

120 1724 308 1795 Inculcatis
325 1725 469 1807 vestris,
493 1724 696 1815 perlepidas
712 1734 747 1791 et
764 1722 891 1802 bonas,

124 1826 228 1895 Unde
243 1825 368 1917 pericli
383 1820 474 1894 nihil
491 1826 600 1894 instat
615 1822 885 1903 sanctimoniae,

121 1928 195 1997 Nec
211 1939 293 1995 suut
308 1928 423 1996 bonos
442 1927 504 2019 qui
519 1949 637 1995 mores
655 1932 888 2012 corrumpant
902 1921 1007 2005 sales,

120 2029 195 2097 Nec
211 2039 263 2096 est
278 2028 416 2096 delectu
432 2027 581 2095 velutin
597 2025 772 2095 Plautinis
788 2047 889 2114 opus.

121 2127 188 2196 Hic
207 2150 331 2197 omnes
347 2139 463 2198 castae
476 2138 586 2217 sunt,
606 2150 729 2196 omnes
744 2135 827 2194 sunt
842 2121 958 2194 utiles.

123 2230 249 2297 Sermo
265 2241 454 2307 venustus,
480 2228 639 2317 elegans,
660 2250 794 2318 purus,
817 2222 946 2312 gravis.

120 2328 171 2397 Ut
184 2320 338 2417 puerdm
355 2328 484 2416 pabula
499 2328 600 2395 decet
616 2350 689 2395 esse
702 2323 912 2416 primulum,

120 2429 262 2519 Quibus
280 2440 416 2496 mentes
434 2429 576 2521 alantur
593 2429 636 2494 ab
654 2423 892 2502 incunabulis,

120 2530 353 2596 Honestatem
371 2541 411 2597 ut
427 2551 513 2619 prae
531 2527 665 2597 cunctis
680 2524 837 2617 penitius
851 2519 1040 2604 imbibant,

121 2630 327 2721 Mundeque
346 2630 487 2713 vivant,
504 2642 548 2719 ¹et
562 2630 756 2723 loquantur
769 2622 954 2715 splendide

120 2730 317 2823 Utriusque
335 2755 377 2800 ex
392 2725 506 2800 isthoc
521 2744 687 2801 naturam
703 2728 770 2799 sibi
784 2725 926 2795 facient.

118 2830 278 2901 Proinde
294 2857 376 2915 vos,
401 2836 497 2925 quod
514 2834 609 2901 ultro
624 2829 808 2922 coepistis,
834 2829 915 2894 date

121 2932 300 3025 Operam,
325 2945 441 3004 vestra
455 2934 706 3003 benevolentia
722 2954 790 3000 nos
805 2942 845 2998 ut
862 2927 1000 3009 excitet,

120 3032 546 3127 luventutemque‘totam
563 3033 788 3104 litterariam.

122 3135 228 3205 Nunc
242 3158 350 3228 quam
367 3136 559 3206 afferamus
569 3132 728 3205 ¹tabulam
748 3128 962 3221 cognoscite,

122 3236 282 3330 Antiquo
298 3239 445 3306 nomine
461 3227 878 3330 ἑαιηοντιμωρούμενον

120 3338 233 3407 Poeta
252 3352 374 3422 vocat,
401 3340 526 3423 vultis,
547 3337 674 3408 Latine
689 3339 826 3416 dixero,

121 3437 197 3508 Sibi
214 3439 281 3530 ipsi
299 3464 435 3532 poenas
451 3444 596 3510 dantem
612 3441 717 3509 liceat
732 3439 861 3506 dicere.

121 3540 215 3610 Nam
233 3565 270 3610 se
283 3556 431 3634 propter
447 3546 605 3633 fugatum
620 3542 732 3611 filium
748 3560 855 3609 senex

122 3639 216 3708 Cura
233 3654 267 3708 et
282 3645 406 3711 dolore
422 3644 533 3711 animi
551 3643 746 3721 excruciat,
764 3639 890 3718 miser,
916 3660 1032 3707 suum.

122 3740 192 3809 Sed
208 3741 323 3830 ipsum
345 3743 472 3811 melius
493 3740 561 3811 boc
576 3755 783 3809 narrantem
800 3737 833 3831 ⁰)
860 3737 1053 3806 audieritis.

121 3840 218 3911 Heus
233 3853 272 3911 tu
287 3866 429 3936 quoque
444 3856 633 3925 coronate,
658 3843 719 3935 qui
732 3832 1028 3929 vocem‘expedis‚

120 3943 253 4026 Prodi,
280 3956 430 4013 etvetus
446 3957 693 4034 argumentum
713 3940 817 4009 nobis
834 3940 971 4032 expedi.

121 4042 213 4113 Date
230 4070 396 4137 operam,
423 4057 463 4114 ut
478 4046 698 4136 cognoscatis
713 4040 805 4111 hauc
819 4042 1016 4123 statarium,

120 4144 178 4214 Sic
196 4172 258 4217 vos
273 4148 334 4215 Dii
351 4148 473 4218 miultis
488 4161 639 4238 augeant
654 4144 865 4225 honoribus,

119 4246 165 4316 Et
182 4250 363 4341 perpetuis
378 4251 494 4321 felices
510 4253 748 4319 condecorent
763 4246 877 4315 bonis.

70 4431 257 4505 Scholia
309 4450 354 4504 et
394 4435 669 4527 Argumenta
722 4437 766 4523 in
810 4435 1050 4526 prologum

307 4539 610 4634 singulasque
644 4562 812 4609 scenas.

466 4707 654 4798 Prologus.

167 4820 229 4891 Vs.
248 4828 284 4897 2.
311 4822 434 4923 Poeta]
457 4825 622 4918 Captatio
640 4825 908 4894 benevolentiae
930 4849 948 4893 a
970 4849 1050 4916 per·

66 4943 152 4991 sona
177 4937 313 5012 poetae.
424 4928 485 4999 Vs.
502 4927 537 4998 4.
572 4934 631 4997 Ec
655 4923 819 5023 integra]
842 4927 1048 5019 Propositio

66 5022 196 5114 prima.
294 5025 355 5096 Vs.
373 5030 432 5098 10.
458 5025 814 5125 Νιιησᾳιιαηεοόνεηι.]
843 5030 1048 5122 Propositio

65 5129 231 5196 secunda.
357 5128 416 5199 Vs.
437 5130 494 5202 15.
524 5135 587 5215 Qui
609 5128 821 5227 orationem]
857 5132 1048 5201 Commen-

64 5224 164 5296 datio
179 5253 199 5297 a
215 5252 368 5319 persona
384 5233 514 5303 actoris
534 5246 568 5302 et
581 5243 719 5325 poetae.
794 5232 855 5305 Vs.
877 5235 935 5305 17.
961 5239 1049 5307 Gon-

97 5412 128 5479 a)
151 5418 327 5536 qrarpepten]
344 5417 387 5469 etc
404 5418 520 5483 ecrtpel3
543 5419 617 5471 ltloc.
635 5420 742 5472 collect.
762 5420 844 5472 uun.
864 5420 950 5487 tm,
970 5420 1046 5473 1016.

132 5498 150 5534 ιι
185 5498 200 5535 r
219 5499 273 5537 ne.

1110 497 1328 598 terminumn]
1353 502 1535 572 Defensio.

1111 606 1219 696 Quod
1251 606 1383 673 aernuli
1415 605 1503 673 vitio
1538 606 1645 687 dant,
1681 605 1717 673 id
1744 607 1859 677 laudis
1893 609 1960 677 sibi
1986 609 2096 679 ducit.

1108 706 1169 776 Vs.
1185 705 1246 779 24.
1272 703 1443 803 Ingenio]
1466 706 1522 775 Ab
1540 701 1691 775 honesto
1709 720 1744 775 et
1758 709 1863 779 iusto.
1956 708 2017 779 Vs.
2032 711 2095 780 80.

1107 812 1247 880 Dictum
1262 803 1467 903 existimet]
1494 806 1630 877 Vitium
1649 807 1691 877 L.
1708 806 1862 878 Lavinii.
1955 811 2016 879 Vs.
2032 809 2094 881 34.

1107 905 1355 1003 Alidensem]
1383 910 1562 978 Hactenus
1580 932 1646 998 pro
1662 925 1767 1000 poeta
1786 911 1886 980 dixit.
1949 909 2011 982 Vs.
2032 906 2093 981 56.

1107 1004 1266 1107 Adeste]
1317 1010 1461 1099 Rogat,
1513 1022 1553 1078 ut
1588 1034 1707 1078 senem
1754 1013 1891 1103 placide
1933 1014 2094 1083 audiant.

1107 1112 1168 1184 νε.
1185 1111 1247 1185 87.
1291 1115 1416 1184 Servos
1441 1104 1612 1205 currenn]
1660 1112 1793 1181 Variae
1823 1115 2093 1184 comoediarum

1107 1235 1293 1306 personae.
1395 1212 1455 1283 Vs.
1472 1212 1532 1286 41.
1558 1216 1643 1284 Mea
1662 1209 1794 1310 canan]
1822 1216 2094 1298 Paronomasia,

1109 1318 1204 1407 capit
1252 1315 1540 1383 benevolentiam
1564 1338 1609 1406 ‘a
1661 1319 1971 1387 commendatione
2010 1317 2094 1387 stili.

1107 1417 1168 1488 Vs.
1183 1416 1262 1489 46⁸.
1286 1420 1463 1507 ingenium
1477 1420 1568 1512 quid.
1582 1411 1651 1510 11)]
1676 1417 1951 1487 Commendatio
1975 1444 1993 1487 a
2012 1442 2093 1510 per·

1107 1544 1195 1590 sona
1219 1520 1380 1611 propria.
1512 1517 1572 1586 Vs.
1588 1517 1650 1590 49.
1677 1515 1894 1616 commedio]
1922 1521 2008 1590 Plus
2030 1533 2094 1606 est,

1107 1645 1215 1715 quam
1233 1622 1261 1692 si
1276 1620 1436 1691 dixisset:
1469 1620 1723 1709 voluptatibus.

1330 1790 1452 1893 ‘Actus
1468 1786 1494 1858 l.
1519 1788 1631 1858 Scene
1647 1789 1674 1861 l.
1700 1789 1848 1881 Argum.

1211 1922 1462 1990 Menedemum
1491 1923 1751 1991 excruciantem
1775 1946 1848 1992 sese
1876 1921 1914 1987 in
1938 1944 2024 2010 agro
2042 1921 2092 1988 la·

1108 2023 1256 2092 boribus
1277 2018 1447 2091 Chremes
1472 2022 1684 2115 alloquitur,
1725 2023 1848 2093 sedulo
1872 2045 2014 2091 causam
2037 2021 2092 2090 in·

1109 2125 1275 2217 quirens,
1300 2146 1363 2193 cur
1377 2136 1522 2213 praeter
1541 2137 1692 2193 aetatem
1712 2125 1771 2192 ille
1787 2147 1887 2193 suam
1914 2123 1951 2192 id
1973 2123 2091 2194 faciat.

1109 2225 1345 2317 Respondens
1369 2223 1622 2307 Menedemus,
1662 2225 1718 2294 sui
1745 2225 1921 2294 moeroris
1948 2248 2091 2294 causam

1109 2327 1196 2394 dicit
1221 2350 1295 2395 esse
1316 2325 1381 2393 tilii
1404 2326 1621 2409 abitionem,
1647 2350 1752 2418 quem
1770 2326 1894 2416 iurgiis
1912 2337 1947 2393 et
1968 2338 2092 2396 contu-

1108 2426 1224 2495 meliis
1241 2429 1356 2495 domo·
1365 2425 1536 2509 eiectum,
1560 2427 1793 2516 impotentius
1811 2428 2000 2497 desiderat.

1209 2526 1271 2597 Vs.
1294 2530 1327 2598 1.
1362 2529 1570 2622 &tamquam
1592 2524 1703 2624 laec]
1735 2528 1900 2619 Captatio
1935 2528 2088 2596 benevo-

1106 2629 1237 2699 lentiae
1254 2630 1298 2697 ab
1316 2628 1470 2697 amicitia
1487 2641 1577 2698 etex
1592 2629 1785 2703 vicinitate.
1867 2626 1926 2699 Vs.
1942 2624 1977 2700 5.
2003 2634 2092 2700 Pm-

1038 2788 1040 2793 .
1105 2736 1244 2826 pinque.
1259 2725 1332 2828 11)]
1353 2730 1449 2798 Haec
1468 2734 1656 2800 amborum
1674 2756 1798 2802 senum
1823 2731 2030 2800 coniunctio
2055 2743 2090 2799 et

1104 2832 1349 2915 familiaritas,
1383 2832 1535 2902 multum
1562 2835 1828 2902 accommodata
1860 2833 2089 2926 sequentibus

1105 2935 1210 3004 rebus
1227 2946 1398 3003 censetur.
1516 2932 1576 3005 Vs.
1594 2933 1629 3004 9.
1656 2940 1747 3006 Nam
1761 2958 1825 3025 pro
1837 2937 1976 3026 Deum]
2000 2934 2090 3002 Pro·

1104 3036 1256 3128 positio,
1283 3058 1353 3131 qua
1363 3035 1566 3129 interrogat
1589 3049 1625 3105 et
1646 3037 1822 3127 obiurgat.
1950 3036 2010 3105 Vs.
2029 3031 2089 3106 15.

1105 3134 1300 3236 Egredien]
1325 3136 1426 3206 Senis
1440 3138 1550 3207 nimia
1567 3138 1790 3230 inquietudo.
1874 3135 1934 3208 νε.
1952 3138 2013 3210 20.
2041 3142 2090 3208 nt

1104 3244 1196 3310 enim
1210 3241 1312 3309 dices.
1328 3235 1397 3334 ¹⁸)]
1419 3239 1583 3308 Obiectio
1601 3241 1728 3324 tacita,
1748 3234 1923 3330 perpolita
1940 3240 2088 3309 locutio.

1105 3340 1166 3412 νε.
1181 3339 1244 3414 24.
1267 3343 1393 3410 Alieno
1411 3351 1448 3412 td
1472 3337 1598 3437 ceren]
1626 3340 1769 3410 Dictum
1795 3341 1833 3408 io
1859 3342 2017 3411 curiosos
2033 3364 2089 3407 re-

1104 3468 1186 3513 rum
1213 3443 1422 3512 alienarum.
1524 3443 1584 3513 Vs.
1600 3442 1662 3514 27.
1688 3448 1827 3513 Rectum
1849 3437 1940 3537 ent]
1966 3444 2089 3532 idest,

1106 3544 1301 3614 officiosum
1326 3556 1388 3612 est.
1506 3543 1567 3612 Vs.
1586 3543 1645 3611 30.
1673 3538 1835 3637 Nollem]
1869 3543 2008 3611 Scilicet
2028 3564 2087 3609 me

1106 3645 1262 3716 cruciare
1277 3645 1489 3713 laborando.
1603 3644 1663 3713 Vs.
1679 3642 1740 3713 54.
1766 3647 1838 3712 Aut
1856 3637 2088 3739 consolando]

1105 3746 1168 3816 llis
1184 3745 1296 3816 tribus
1310 3747 1414 3814 rebus
1431 3741 1617 3827 adhibitis,
1639 3741 1730 3813 nihil
1744 3756 1927 3835 praeterea
1944 3744 1980 3810 in
1999 3745 2089 3812 ami·

1105 3849 1185 3917 citia
1206 3846 1471 3940 requirendum.
1603 3844 1664 3917 Vs.
1685 3844 1746 3917 41.
1773 3848 1897 3917 ttttum
1920 3842 2087 3942 unicum]

1103 3951 1354 4023 Narrationem
1372 3971 1390 4015 a
1407 3947 1568 4040 personis
1584 3950 1734 4018 orditur.
1858 3948 1918 4018 Vs.
1934 3942 1994 4016 50.
2015 3953 2086 4018 Ae·

1103 4045 1287 4147 curabam]
1310 4049 1582 4120 Accusationem
1598 4076 1698 4120 suam
1717 4050 1836 4119 refert.
1946 4047 2007 4118 Vs.
2024 4048 2086 4120 57.

1103 4158 1220 4227 nemu
1242 4148 1339 4248 otiu]
1365 4152 1479 4220 Amor
1504 4175 1546 4220 ex
1569 4156 1643 4221 otio
1668 4153 1844 4243 provenit.
1946 4149 2007 4219 Vs.
2022 4147 2085 4221 58.
2168 4146 2171 4151 ’

1102 4261 1196 4329 Idne
1215 4249 1369 4349 ananie]
1400 4253 1609 4351 Consilium.
1707 4254 1767 4323 Vs.
1781 4251 1844 4322 64.
1871 4254 1954 4322 Plus
1968 4247 2086 4348 coire]

1105 4360 1193 4428 Cum
1214 4359 1369 4447 pondere
1386 4357 1652 4446 pronuntianda
1670 4356 1787 4423 oratio
1804 4366 1877 4423 totu
1895 4351 2084 4444 pathetica.

1103 4458 1164 4530 Vs.
1180 4460 1242 4532 72.
1272 4465 1466 4529 decurrunt
1487 4458 1602 4550 servi]
1629 4459 1783 4529 Attende
1806 4456 2010 4544 diligentem
2032 4457 2084 4522 sa-

1103 4561 1251 4631 miliam.
1364 4559 1424 4630 νε.
1444 4558 1504 4630 74.
1528 4563 1734 4652 Apparere]
1759 4558 1822 4628 Est
1844 4561 1890 4625 ad
1912 4579 2082 4646 pompam

1138 4763 1254 4885 1⁰³(qu
1266 4767 1334 4881 hum
1348 4774 1422 4879 tvex,
1441 4770 1510 4825 quae
1528 4758 1557 4809 tn
1574 4757 1632 4809 tllle
1650 4759 1735 4809 uun.
1753 4760 1778 4810 b.
1797 4760 1814 4811 1.
1840 4757 1961 4823 legunt,¹
1986 4756 2014 4806 tn
2031 4756 2081 4809 111.

1199 4848 1214 4885 o
1255 4870 1261 4883 .
1298 4845 1367 4882 ees.

1138 4935 1185 4999 tt)
1208 4937 1238 4984 ln
1261 4934 1319 4983 ittts
1345 4930 1429 4980 utin.
1454 4941 1566 4978 versum
1584 4928 1626 4976 16.
1662 4928 1698 4978 ln
1721 4929 1777 4979 tac
1799 4931 1842 4978 eet
1862 4939 1941 4990 puro
1971 4926 2080 4989 orotto,

1169 5003 1340 5068 experimini
1364 4999 1539 5059 subsequitur
1561 4996 1604 5046 tric
1627 4995 1656 5043 tn
1680 4996 1729 5044 111.
1756 4997 1847 5047 voltu.
1878 4996 2014 5046 omissus:
2048 4997 2083 5045 lu

1168 5077 1321 5135 utrornqne
1344 5070 1475 5134 portem,
1500 5066 1646 5130 inperitum
1669 5065 1740 5128 qutd
1764 5066 1857 5129 prosstt
1888 5076 1988 5114 meum.
2040 5062 2082 5112 Au

1168 5143 1239 5189 nunc
1263 5153 1323 5200 vn,
1349 5149 1427 5199 quem
1452 5146 1565 5184 numero
1582 5131 1635 5181 16·
1659 5134 1785 5200 signavi,
1809 5135 1859 5183 troc
1876 5132 1998 5183 schollou
2016 5143 2082 5194 per·

1168 5209 1245 5258 ttnet.

1135 5309 1236 5443 tulgi
1258 5309 1423 5429 propitiaque
1446 5309 1558 5371 parte}
1576 5306 1618 5356 eto
1643 5306 1708 5356 ttlee
1730 5304 1832 5366 nutu
1858 5306 1908 5355 ltu.
1932 5302 2024 5354 vous.
2050 5302 2082 5351 tn

1168 5396 1186 5430 a
1231 5393 1269 5428 uo
1285 5391 1341 5442 par
1356 5391 1379 5430 e.

1135 5480 1182 5547 te)
1198 5485 1291 5545 diets]
1308 5482 1351 5533 ule
1368 5481 1434 5532 tttee
1451 5481 1533 5531 utut.
1541 5496 1551 5544 3
1570 5480 1597 5531 ln
1615 5479 1664 5531 Ed.
1679 5478 1772 5531 volte.
1791 5477 1876 5530 (lectt.

1659 503 1720 574 Vs.
1738 505 1797 575 19.
1823 504 1930 601 1t10)
1951 510 2099 601 pipere]
2207 536 2210 543 ·
