4762 6008
170 265 244 347 176

269 437 387 510 Nemo
402 453 552 503 munera
570 431 659 500 dans
681 438 835 498 mortem
860 424 1024 514 effugerit
1047 448 1164 518 neque

754 251 877 327 PHIL.
909 248 1023 324 Milli.
1058 244 1262 322 SCRIPTA
1295 249 1633 329 PHILOLOGICA.

2140 264 2219 339 170

1317 422 1395 495 Vss.
1408 424 1688 502 1197-1200.
1704 425 1838 498 Audivi
1853 454 1977 500 vocem
1994 433 2093 524 gruis
2112 447 2219 508 acute

167 545 357 616 molestam
380 535 645 615 infelicitatem,
671 531 742 600 nisi
762 529 874 599 fatum
897 527 1068 597 obiecerit
1091 551 1165 596 mc·
1217 526 1422 611 clamantis,
1464 553 1556 623 quae
1580 542 1632 601 εει
1654 528 1862 604 hominibus
1886 534 2014 605 nuntia
2041 551 2219 630 opportu-

167 662 244 719 tam
261 643 318 713 vel
332 643 439 711 finem
449 634 480 735 ,]
509 637 630 717 idest,
656 632 726 704 nisi
741 630 838 702 Deus
853 631 1074 721 praescribat
1088 653 1166 700 mo-
1216 652 1284 732 nae
1308 630 1499 715 arationis,
1534 646 1570 702 et
1591 635 1761 726 perculsit
1784 636 1844 704 illa
1869 662 1940 707 vox
1962 633 2051 707 mibi
2077 664 2140 711 cor
2160 643 2219 710 ni-

168 753 276 831 dum,
304 756 366 813 aut
382 740 521 829 mitiget
538 759 684 829 poenas.
736 733 919 804 Sententia
937 747 1005 803 est:
1038 731 1166 804 Omni·
1217 755 1334 824 grum,
1360 746 1551 825 propterea
1568 739 1664 830 quod
1683 738 1743 805 aiii
1757 751 1881 808 tenent
1895 740 2065 813 florentes
2081 747 2218 841 agros]

167 856 235 925 bus
254 844 431 917 incumbit
451 839 641 911 necessitas
662 836 781 907 fatalis
802 836 983 906 moriendi
1004 850 1040 906 et
1063 835 1167 908 susti·
1218 837 1344 919 idest,
1369 859 1435 927 ego
1450 838 1580 933 reliqui
1598 863 1695 910 meos
1714 865 1838 930 agros,
1862 855 1898 912 et
1912 843 1978 912 feci
1994 839 2065 914 hoc
2082 870 2144 939 spe
2160 847 2219 918 ln·

168 951 280 1026 nendi
294 945 489 1018 ecferendi
503 944 635 1013 multas
653 938 875 1011 afflictiones.
928 939 1030 1011 Sicut
1049 938 1169 1033 inquit
1219 937 1425 1009 culentioris
1448 941 1684 1027 conditionis,
1711 944 1876 1015 videlicet
1894 961 2139 1034 mercaturae,
2174 972 2218 1021 ea

168 1051 306 1152 ioh⁹):
333 1051 453 1120 llomo
468 1058 575 1117 natus
589 1046 634 1114 de
649 1043 798 1114 muliere
811 1043 913 1113 brevi
933 1042 1058 1115 vivens
1077 1055 1168 1113 tem·
1218 1065 1276 1110 me
1291 1065 1372 1132 spes
1384 1041 1518 1113 fefellit.

169 1183 258 1255 pore
273 1155 431 1247 repletur
446 1149 568 1220 multis
582 1146 747 1218 miseriis.

1320 1158 1399 1232 Vss.
1418 1162 1513 1235 1201
1530 1186 1583 1256 sq.
1609 1160 1734 1256 Neque
1750 1160 1852 1232 mihi
1856 1168 1973 1236 mulae
1992 1162 2140 1239 trahunt
2159 1168 2217 1241 iu-

272 1269 539 1363 Vss.1189sq.
572 1267 697 1360 Neque
717 1288 939 1348 moerorem,
966 1263 1168 1335 molestiam
1220 1287 1303 1354 gum
1319 1266 1451 1348 aratri,
1477 1266 1601 1347 idest,
1628 1288 1704 1333 non
1719 1280 1803 1337 sunt
1824 1263 1914 1339 mihi
1932 1291 2029 1340 nuuc
2053 1271 2216 1343 iumenta

170 1383 254 1453 licet
268 1377 444 1467 effugere,
471 1372 618 1466 quando
633 1368 730 1440 Deus
744 1368 908 1437 immittit
922 1362 1104 1465 dolores,]
1131 1365 1168 1435 id
1219 1377 1369 1456 propter
1392 1368 1499 1436 aliam
1523 1391 1691 1459 sponsam
1713 1370 1964 1461 desponsatam
1990 1369 2097 1457 mibi,
2122 1373 2217 1445 scili·

171 1497 245 1567 est,
269 1479 420 1550 Moeror
435 1487 470 1543 et
486 1472 629 1544 tristitia
649 1470 868 1541 comitantur
885 1495 943 1542 res
957 1472 1136 1541 adversas.
1221 1480 1275 1537 cet
1294 1468 1581 1561 navigationem,
1616 1469 1747 1555 idest,
1781 1496 1846 1563 ego
1868 1475 2001 1569 reliqui
2025 1470 2216 1567 pulchram

273 1593 468 1669 vss.1191
487 1618 540 1688 sq.
571 1587 899 1688 Ov’x]1)em0rre.
959 1590 1043 1662 Non
1063 1587 1168 1681 cupio
1220 1594 1408 1662 sponsam,
1435 1585 1469 1642 et
1485 1574 1696 1666 appetebam
1718 1574 1825 1643 aliam
1849 1578 1964 1671 magis
1987 1580 2216 1649 commodam

171 1715 336 1776 mortuus
355 1700 498 1780 sedere,
543 1696 598 1763 vel
629 1694 758 1762 cubare
780 1692 817 1761 in
841 1693 932 1764 solio
953 1693 1010 1762 vel
1034 1689 1168 1763 throno
1220 1675 1337 1745 Slulle·

171 1806 283 1899 regio.
335 1800 441 1892 Apud
452 1793 707 1890 Homerum“)
725 1792 986 1880 dicitiichiiies,
1010 1820 1047 1865 sc
1063 1795 1169 1863 malle

172 1912 212 1980 in
237 1904 303 1977 hac
327 1905 400 1972 vita
415 1924 557 1972 servum
573 1924 665 1982 esse,
702 1922 810 1993 quam
837 1902 934 1992 apud
959 1899 1093 1969 inferos
1115 1921 1171 1966 re·

175 2038 274 2106 gem,
299 2031 405 2100 quem
420 2005 539 2073 locum
555 1998 788 2095 reprehendit
800 2001 918 2073 Plato.

269 2104 404 2201 Ἀλλὰ]
430 2106 499 2175 Sed
516 2101 606 2175 mihi
623 2105 757 2173 viventi
773 2103 908 2197 aliquid
926 2105 1062 2175 bonum
1081 2101 1171 2172 acci·

172 2217 253 2299 dat,
279 2211 343 2308 Sd)
358 2210 458 2297 nott,
484 2212 550 2285 bot
563 2209 648 2284 miti
664 2208 731 2282 root
747 2209 854 2301 gierig.

275 2330 354 2402 Vss.
371 2328 469 2399 1195
485 2353 538 2423 sq.
559 2323 818 2426 Ἀσπᾶλαθοι]
846 2326 901 2395 Ι)ε
918 2350 1052 2421 pompa
1070 2326 1170 2396 fune-

171 2437 241 2507 bri.
305 2433 461 2525 Quando
484 2442 650 2502 mortuus
669 2454 770 2513 sum,
811 2453 887 2499 non
911 2454 1001 2522 opus
1024 2441 1095 2511 est,
1131 2439 1172 2497 ut

173 2535 265 2613 mibi
280 2546 488 2607 sternantur
510 2545 649 2625 tapeta,
682 2545 718 2603 et
732 2543 773 2603 ut
791 2555 925 2623 ungar,
957 2535 1170 2602 tantundem

173 2639 265 2713 mibi
276 2651 348 2722 est,
374 2637 449 2707 sive
467 2636 742 2706 substernantur
756 2635 882 2705 molles
895 2634 1039 2725 plumae
1053 2647 1089 2704 et
1106 2628 1171 2704 ho-

171 2741 380 2831 losericum,
406 2740 480 2809 sive
498 2739 580 2807 duri
595 2762 729 2810 asseres
746 2750 783 2806 et
801 2737 937 2829 spinae.

275 2840 418 2914 Tribuli
435 2854 519 2911 sunt
531 2852 683 2913 stratum
699 2838 758 2909 vel
775 2837 902 2911 thorus
925 2838 1051 2910 similis
1075 2860 1171 2907 mor·

171 2950 224 3022 tui
242 2947 389 3038 tapetis,
417 2956 451 3012 et
464 2942 621 3034 lignum,
647 2969 695 3013 an
710 2943 757 3014 sit
771 2944 903 3013 durum
918 2941 975 3010 vel
991 2941 1111 3011 molle.

274 3066 353 3183 Vss.
372 3058 471 3134 1195
484 3086 536 3155 sq.
572 3054 769 3159 Μήτε’Ῑ)]
795 3058 852 3129 De
874 3059 1048 3153 religione
1066 3057 1171 3131 iuris·

171 3169 401 3362 ultanNeque
417 3267 513 3336 iures
535 3262 735 3355 periurium
757 3287 822 3356 per
833 3260 952 3350 Deos,
982 3289 1099 3362 neque
1119 3267 1170 3335 fe-

171 3376 325 3447 rendum
340 3381 394 3440 est
407 3367 503 3438 Deos
520 3365 698 3436 occultare
712 3366 896 3471 debitum,
920 3368 959 3438 id
978 3382 1048 3454 est,
1072 3367 1170 3440 Deus

170 3475 353 3551 ulciscitur
366 3470 578 3564 periurium.
663 3480 666 3484 ’

263 3594 343 3666 Vss.
361 3588 638 3673 1197-1202.
656 3580 853 3683 Ὄρνιθος]
883 3584 1001 3661 Lotus
1017 3612 1170 3658 oecono-

171 3699 295 3769 micus.
347 3694 496 3764 Confert
512 3691 606 3760 inter
624 3714 662 3760 se
685 3691 758 3759 duo
782 3715 913 3783 genera
933 3691 1050 3777 vitae,
1076 3691 1169 3784 agri-

171 3803 348 3873 culturam
366 3811 401 3866 et
416 3806 670 3865 mercaturam.

273 3900 350 3970 lam
368 3909 503 3968 canunt
527 3920 650 3988 grues,
684 3907 719 3964 et
742 3907 794 3966 est
814 3909 955 3988 tempus
976 3897 1169 3979 arationis;

172 4003 234 4075 sed
249 4029 314 4095 ego
330 4002 436 4072 stulte
456 4000 543 4082 feci,
570 4000 668 4092 quod
691 3998 816 4067 relicto
840 4023 927 4092 agro
946 3999 1083 4071 contuli
1110 4024 1168 4069 mc

172 4109 218 4176 ad
233 4103 490 4195 navigandum.
541 4097 790 4194 Virgifius”):

310 4237 333 4288 0
350 4236 510 4287 fortunatos
527 4233 655 4297 nimium,
680 4232 754 4282 bona
771 4231 797 4282 si
815 4229 913 4292 sns⁸)
930 4230 1041 4298 norint,

310 4319 474 4388 Agricolas!

170 4411 401 4506 Hesiodusss)
417 4409 558 4480 videtur
573 4406 830 4503 prognosticon
847 4411 891 4479 de
908 4420 1071 4503 tempore
1088 4436 1167 4482 ara·

171 4517 280 4589 tionis
294 4542 337 4586 ex
349 4510 419 4584 hoc
437 4513 516 4583 loco
533 4510 773 4597 transtulisse,
800 4524 862 4582 aut
877 4526 970 4585 certe
987 4512 1045 4587 bic
1061 4529 1167 4589 autor

170 4647 213 4693 ex
227 4620 385 4693 Hesiodo
403 4641 485 4686 eum
503 4613 737 4708 transcripsit.
898 4616 902 4627 '

177 4781 381 4795 ...η-.-

204 4854 253 4912 2⁹)
271 4852 327 4904 iob.
347 4853 390 4912 ¹4,
410 4852 433 4900 1.

204 4938 253 5004 ao)
272 4941 350 5001 tium.
369 4937 420 4990 od.
436 4937 488 5002 xi,
505 4936 664 4987 teti-491.

1322 1791 1400 1864 Vss.
1418 1794 1695 1870 isos-1206.
1731 1793 1832 1895 Οὐκ]
1860 1797 2033 1891 Congruit
2055 1823 2137 1870 cum
2161 1799 2218 1870 di-

1221 1909 1295 1965 cto:
1318 1895 1450 1968 Procul
1468 1897 1512 1965 ab
1528 1896 1624 1969 aulai
1674 1898 1887 1972 Plutarchus
1908 1926 1949 1971 er
1964 1896 2142 1995 Sophocle
2168 1904 2217 1972 de

1222 2001 1478 2070 consuetudine
1501 2025 1580 2071 cum
1603 2004 1765 2096 tyrannis
1791 2004 1926 2099 inquit:
1962 2003 2001 2075 Si
2023 2005 2103 2099 quis
2123 2005 2219 2075 liber

1221 2102 1443 2195 ingrediatur
1459 2102 1496 2170 in
1513 2103 1654 2190 aulam,
1678 2119 1783 2192 tunc,
1810 2132 1890 2177 cum
1908 2107 2035 2194 exibit,
2060 2105 2130 2179 erit
2145 2130 2218 2180 ser-

1221 2228 1287 2276 vus
1304 2217 1340 2274 et
1355 2205 1532 2276 adulator.

1323 2307 1407 2380 Non
1424 2308 1563 2378 veniam
1583 2311 1629 2379 ad
1643 2312 1780 2397 aulam,
1810 2336 1875 2382 nec
1890 2311 1967 2405 ipsa
1986 2314 2125 2397 adme,
2154 2336 2217 2383 ne-

1222 2434 1291 2504 que
1315 2423 1350 2480 et
1371 2425 1547 2508 tyrannus
1568 2415 1773 2506 deploratus
1797 2439 1816 2484 a
1840 2440 1897 2484 me
1925 2417 1964 2484 in
1988 2417 2127 2487 tumulo
2151 2439 2216 2487 suo

1221 2513 1398 2600 moritur,
1425 2516 1547 2601 idest,
1573 2541 1638 2608 ego
1654 2518 1786 2589 nullius
1810 2519 1958 2612 tyranni
1977 2531 2131 2589 mortem
2157 2518 2218 2587 de-

1222 2615 1394 2708 plorabo,
1421 2631 1456 2687 ει
1470 2615 1561 2687 nihil
1574 2614 1664 2688 mihi
1686 2645 1874 2691 commune
1896 2624 1966 2692 erit
1989 2646 2070 2692 cum
2095 2635 2217 2715 tyran-

1221 2718 1297 2802 nis,
1336 2745 1452 2816 neque
1481 2722 1539 2791 ille
1569 2733 1742 2816 tyrannus
1771 2723 1932 2794 molestia
1958 2723 2136 2795 afficiatur
2159 2746 2217 2794 me

1222 2833 1386 2908 mortuo,
1426 2849 1542 2918 neque
1571 2838 1714 2916 spargat
1743 2827 1787 2894 de
1817 2825 1996 2919 palpebris
2019 2849 2082 2895 seu
2103 2824 2219 2896 oculis

1222 2923 1354 2998 calidas
1382 2924 1592 3028 lacrymas]
1623 2927 1678 2999 De
1707 2940 1945 3023 tyrannorum
1976 2926 2133 2998 amicitia
2162 2927 2220 2997 di-

1222 3026 1332 3098 citur:

1359 3146 1456 3199 nucis
1472 3147 1624 3215 inexpertis
1642 3152 1753 3204 ruituro
1769 3151 1890 3218 potentis
1909 3149 2009 3220 mici,

1358 3235 1496 3299 lixportm
1513 3237 1662 3307 cernitu).

1324 3321 1401 3395 Vss.
1422 3325 1519 3398 1207
1536 3354 1589 3423 sq.
1632 3326 1748 3427 Oica]
1781 3329 1837 3400 De
1861 3332 2018 3403 tristibus
2043 3329 2215 3401 moribus.

1220 3424 1389 3543 hppellat
1407 3442 1525 3500 autem
1544 3435 1722 3524 quendam
1739 3435 1902 3505 tetricum
1923 3449 1959 3506 et
1970 3433 2130 3518 tristem,
2156 3456 2214 3504 cu·

1221 3552 1277 3600 rus
1294 3533 1517 3602 conversatio
1534 3559 1608 3604 non
1623 3548 1677 3609 est
1692 3549 1805 3628 grata.

1323 3647 1449 3745 Neque
1465 3664 1499 3720 te
1521 3651 1698 3745 prohibeo
1723 3655 1927 3739 convivari,
1962 3679 2027 3725 nec
2052 3676 2139 3725 voco
2161 3667 2213 3734 te;

1219 3773 1258 3821 εε
1280 3751 1376 3821 enim
1400 3755 1588 3842 molestus,
1623 3781 1702 3827 eum
1726 3782 1894 3850 praesens
1918 3783 1975 3842 εε,
2009 3770 2044 3828 ει
2068 3756 2215 3840 amicus,

1221 3879 1300 3926 cum
1317 3851 1431 3956 abes]
1459 3857 1566 3930 'l'ales
1582 3860 1686 3931 amici
1702 3862 1834 3933 similes
1850 3873 1933 3932 sunt
1948 3861 2054 3953 lupo,
2080 3860 2145 3955 qui
2168 3858 2215 3927 ad

1220 3971 1403 4049 aegrotam
1419 3984 1547 4053 agnam
1567 3964 1669 4058 quasi
1685 3965 1791 4034 oflicii
1809 3988 1914 4035 causa
1941 3963 2150 4047 accedebat,
2179 3971 2215 4030 et

1219 4062 1390 4152 rogabat,
1415 4064 1562 4135 ubinam
1584 4067 1732 4138 doleret.
1789 4067 1998 4161 Respondet
2017 4064 2099 4135 illa:
2127 4063 2216 4135 Ubi·

1220 4187 1359 4259 cunque
1381 4190 1438 4234 me
1462 4168 1624 4261 attingis,
1659 4171 1710 4239 ibi
1733 4195 1837 4262 aegre
1862 4183 1914 4242 est
1937 4165 2038 4240 mihi.
2104 4166 2214 4238 Tales

1218 4279 1302 4337 sunt
1323 4269 1431 4337 amici
1451 4269 1601 4362 ingrati,
1641 4297 1795 4368 quorum
1823 4273 1983 4346 absentia
2004 4272 2109 4362 longe
2133 4294 2216 4362 gra·

1217 4369 1290 4438 tior
1312 4382 1376 4439 est.

1319 4487 1397 4559 Vss.
1417 4489 1515 4562 1209
1530 4518 1583 4589 sq.
1615 4490 1773 4595 Aldus]
1799 4497 1961 4590 Apparet
1980 4493 2066 4565 istos
2088 4515 2215 4564 versus

1217 4614 1292 4659 non
1317 4615 1390 4663 esse
1412 4589 1651 4689 Theognidis:
1691 4599 1831 4670 Genera
1857 4624 1935 4670 sum
1962 4592 2157 4669 Thessalus
2179 4606 2215 4665 et

1216 4687 1379 4766 inhabito
1395 4692 1539 4771 Thebas
1561 4702 1687 4772 urbem
1709 4704 1800 4774 bene
1824 4701 2000 4773 munitam
2020 4699 2152 4784 muris,
2180 4709 2215 4769 et

1216 4797 1338 4891 pulsus
1355 4824 1433 4870 sum
1449 4802 1568 4895 patria
1585 4817 1692 4877 terra.

1318 4921 1579 5021 Vss.1211sq.
1613 4924 1768 5025 Mrf³⁶)]
1795 4928 1853 4997 'l'u
1875 4927 2004 4997 ancilla
2029 4926 2086 4997 vel
2108 4948 2213 4997 serva

204 5024 253 5081 ³¹)
271 5020 365 5084 Mire]
396 5023 437 5074 uo
459 5023 509 5072 Ei·
531 5023 607 5073 ¹⁵⁶⁰·
636 5024 664 5072 st
695 5022 815 5086 firm·
840 5021 924 5074 reite
947 5024 1011 5076 ¹⁵⁶¹
1026 5048 1059 5063 ·
1075 5024 1165 5095 ¹⁶⁸¹o
1215 5048 1274 5095 me
1289 5025 1416 5099 ludens
1432 5030 1554 5098 deride
1566 5030 1672 5100 stulte
1688 5055 1790 5101 caros
1805 5042 1990 5121 parentes;
2024 5028 2091 5100 tibi
2115 5027 2213 5099 enirn

239 5093 374 5157 muncia,
391 5092 498 5155 Gaisi.;
524 5092 608 5141 Editt.
626 5091 732 5155 Beki„
750 5088 853 5156 Bergk.
873 5086 924 5154 Μή
938 5107 973 5142 τι.

204 5175 253 5240 32)
274 5175 354 5239 virg.
372 5178 474 5241 Georg.
487 5176 522 5240 ii,
542 5179 593 5227 458
610 5190 651 5240 sq.

203 5259 383 5378 ³³)lbb0ua8si
399 5264 465 5320 sua]
489 5261 530 5311 sic
552 5263 604 5313 iti.
625 5261 700 5312 1160.
707 5274 717 5323 ;
752 5259 833 5326 virg.
852 5262 903 5315 ri.
924 5265 1081 5330 Wagner:
1112 5280 1164 5319 rua

237 5342 252 5377 s
299 5340 361 5381 on.

203 5412 252 5480 11)
271 5413 381 5550 ti⁴e⁴s⁹iqit
399 5417 492 5479 opera
516 5419 546 5466 st
568 5415 637 5468 Dios
655 5417 821 5469 iio-toi.
842 5419 894 5473 ri.
912 5419 1015 5473 Gratti.
1043 5420 1095 5490 (ει.
1112 5425 1164 5474 us

1248 5317 1299 5375 St)
1317 5319 1415 5368 iiorrt.
1432 5315 1521 5379 Epist.
1536 5316 1558 5382 i,
1577 5316 1620 5382 ie,
1637 5318 1672 5368 86
1683 5331 1725 5382 sq.

1247 5418 1297 5484 16)
1316 5413 1382 5482 Μή]
1399 5420 1427 5470 in
1444 5420 1493 5470 iii.
1508 5420 1583 5472 15⁶⁰.
1609 5420 1689 5471 buius
1713 5421 1793 5475 voois
1814 5423 1893 5487 ioco,
1925 5421 2105 5485 arpiicstioni
2129 5435 2216 5488 prae·

1204 5560 1207 5567 Ι
1284 5487 1366 5540 trun
1384 5491 1429 5540 est
1445 5501 1544 5541 riomeu
1557 5483 1683 5559 Ἄργερι,
1708 5501 1797 5557 equo
1813 5504 1859 5546 vr.
1873 5491 1949 5546 im.
1967 5491 2072 5556 incipit.
