4762 6008
178 250 255 325 ⁶47
763 248 889 323 PHIL.
923 246 1038 319 MEL.
1072 246 1274 321 SCRIPTA
1307 246 1642 323 PHILOLOGICA.
2150 242 2227 322 tta

182 440 239 497 tus
257 437 309 495 est
328 426 592 513 celebritatem,
614 438 689 494 uta
716 425 832 515 poetis
859 434 895 491 et
917 418 1181 491 mathematicis
1235 436 1419 518 ventorem
1443 420 1629 516 sphaerae.
1694 420 1816 514 Quare
1844 418 1951 486 etiam
1977 419 2123 511 lingitur
2148 444 2231 489 eoe-

183 551 298 621 usque
315 527 354 597 in
369 529 507 598 coelum
528 538 694 608 evectus,
721 538 756 594 et
772 526 866 593 inter
889 524 1006 594 sidera
1029 524 1182 592 colloca·
1235 526 1309 596 lum
1326 522 1486 596 humeris
1501 525 1689 607 sustinere,
1716 547 1796 591 cum
1814 526 1964 612 propter
1979 521 2232 592 inventionem

184 645 243 701 tus
258 630 314 700 sit.
370 630 507 699 Tantas
525 642 645 699 autem
664 651 722 696 res
742 626 894 696 confecit
912 625 1115 695 incredibili
1130 649 1184 694 ce·
1236 624 1423 720 sphaerae,
1437 639 1522 699 tum
1540 639 1689 719 propter
1706 623 1931 694 altitudinem
1946 625 2090 710 montis,
2116 650 2230 719 quern

188 731 350 811 lenitate,
392 744 427 800 et
458 730 614 802 versutia
646 728 793 820 ingenii.
861 725 1016 822 ldeoque
1039 728 1185 819 lingitur
1237 730 1375 799 incolae
1401 742 1533 799 vocant
1560 731 1765 799 columnam
1787 726 1888 796 coeli.

188 831 365 903 talaribus
381 845 417 901 et
437 833 556 923 gladio
571 830 765 914 Mercurii,
794 831 894 922 galea
911 830 1018 913 Orci,
1053 844 1088 900 et
1112 829 1185 922 cly-

189 958 260 1027 peo
276 933 434 1006 Palladis
449 935 556 1006 luisse
572 934 777 1005 instructus.
828 932 922 1003 Nam
946 932 1074 1002 talaria
1097 932 1184 1000 cele·
1391 951 1680 1021 Andromede
1715 963 1817 1019 κιο
1851 948 2076 1040 expogiia,

190 1037 360 1120 ritatem,
410 1037 549 1127 gladius
581 1035 752 1106 Mercurii
787 1035 1038 1117 calliditatem,
1085 1034 1185 1125 galea

193 1138 283 1208 Orci
298 1139 486 1210 consilium
505 1152 659 1222 tectum,
684 1151 720 1207 et
735 1139 879 1231 clypeus
892 1138 1050 1207 Palladis
1063 1161 1184 1205 raram
1210 1056 1215 1201 l
1341 1087 1520 1205 (iredibile
1536 1085 1860 1204 “mndmmiden
1884 1108 1926 1153 ⁸¹
1949 1096 2087 1175 mium
2108 1085 2231 1180 aliqua

194 1240 401 1311 felicitatem
424 1242 611 1334 significat·
670 1241 740 1311 Per
764 1252 872 1330 caput
892 1265 979 1310 vem
1002 1240 1187 1319 Medusae,
1210 1222 1216 1380 Ι
1239 1190 1440 1259 calamitate
1459 1203 1618 1281 ereptam
1638 1201 1674 1258 et
1690 1211 1867 1256 marinam
1883 1186 2039 1256 belluam
2058 1210 2078 1254 a
2097 1187 2232 1260 Perseo

98 1400 102 1407 .
196 1342 298 1414 cuius
331 1346 502 1436 adspectu
538 1367 662 1414 omnes
696 1342 997 1412 convertebantur
1025 1343 1062 1410 in
1089 1363 1186 1423 saxa,
1239 1294 1462 1361 mlerfew’m
1486 1316 1578 1371 ‘m‘
1612 1316 1696 1360 nam
1720 1303 1754 1360 el
1774 1289 2167 1385 Pomp⁰⁰¹⁰⁵M⁰l³u)
2193 1316 2231 1361 ’ῃ

198 1445 443 1539 significamur
466 1447 662 1516 immensae
685 1446 897 1536 Gorgonum
923 1470 1028 1537 opes,
1059 1443 1188 1538 quibus
1239 1395 1477 1488 descriptione
1493 1395 1618 1488 Syriae
1634 1393 1800 1463 meminit
1814 1388 1921 1463 huius
1936 1392 2089 1464 belluae.

196 1548 349 1619 Perseus
366 1549 517 1640 potitus,
545 1572 686 1631 omnes,
722 1572 813 1641 quos
835 1546 929 1616 bello
954 1549 1100 1618 adortus
1124 1557 1188 1627 est,
1693 1615 1703 1635 ¹
1826 1615 1834 1631 ,

199 1650 349 1741 subegit.
400 1650 493 1721 Nam
508 1652 547 1719 in
562 1651 686 1721 insulis
702 1650 1000 1734 occidentalibus,
1025 1648 1189 1719 ubiGor-
1585 1610 1646 1682 D‘
1676 1614 1834 1683 L⁰r³l¹
1849 1638 1884 1682 ⁰·

200 1775 335 1843 gouum
361 1776 447 1842 gens
471 1746 675 1835 habitabat,
715 1752 800 1820 olim
834 1752 980 1823 fuerunt
1013 1752 1190 1821 maximae
1292 1751 1351 1821 Vs.
1369 1751 1454 1822 749.
1479 1756 1581 1821 Nunc
1595 1776 1721 1844 quoque
1736 1752 1865 1823 duratii
1876 1749 1945 1843 11·)
1967 1754 2080 1822 eadem
2103 1767 2231 1825 nntrtra

203 1878 288 1945 opes
303 1854 412 1925 totius
427 1857 525 1927 orbis
544 1869 743 1937 terrarum,
770 1866 858 1924 teste
876 1854 1039 1925 Platone.
1092 1853 1191 1923 Non·
1652 1857 1828 1923 renarint.

203 1956 295 2025 nulli
308 1957 468 2027 referunt
481 1958 638 2027 fabulam
656 1956 789 2027 saxibci
805 1956 930 2046 capitis
947 1960 992 2026 ad
1008 1957 1192 2024 admiran-
1347 1970 1551 2055 (joi-alium,
1578 1983 1665 2041 105st
1682 1970 1822 2050 Plinio,
1849 1970 2009 2041 nascitur
2025 1996 2154 2065 magni
2172 2000 2231 2044 ρο.

204 2060 287 2127 dam
320 2059 492 2131 Medusae
525 2057 849 2152 pulchritudinem,
892 2060 991 2130 culus
1022 2050 1193 2150 adspeffll
1243 2074 1355 2164 piain
1370 2073 1571 2143 Orcadibus
1591 2074 1727 2144 insulis.
1780 2072 1856 2141 Hae
1876 2087 1994 2143 autem
2020 2075 2108 2144 olim
2130 2073 2229 2146 inha-

207 2184 331 2231 omnes
352 2162 390 2228 in
416 2176 600 2254 stuporem
627 2161 829 2257 sintversi.
898 2162 1053 2252 Pegasus
1081 2183 1192 2253 equus
1243 2176 1451 2245 litabantur
1477 2202 1496 2244 a
1520 2177 1732 2266 Gorgonum
1758 2188 1878 2266 gemm
1913 2178 2067 2272 ideoque
2092 2204 2136 2249 εχ
2161 2177 2229 2249 vii.

207 2262 321 2331 alatus
346 2287 388 2331 ex
411 2265 583 2354 sanguine
606 2262 775 2332 Medusae
803 2274 927 2344 natus,
966 2288 986 2331 ἃ
1014 2286 1086 2355 (1¹¹0
1113 2264 1193 2332 s⁰¹¹⁸
1245 2279 1350 2371 gultis
1364 2279 1535 2348 Medusae
1554 2279 1660 2369 capiti
1680 2279 1872 2370 suppositis
1888 2281 2062 2350 coralium
2078 2307 2152 2352 esse
2169 2307 2230 2351 na-

205 2363 392 2433 Mmssfflm
415 2366 455 2433 5¹¹
473 2366 646 2435 Hflllfflne
669 2366 816 2455 fingitur
841 2378 1005 2456 ὃΡθῖῑῦδ»
1046 2366 1112 2435 full
1140 2364 1193 2432 5¹¹·
1246 2395 1321 2451 tum
1347 2393 1474 2473 poetae
1497 2380 1715 2451 fabulantur.
1785 2381 1832 2451 Et
1856 2382 1988 2452 dicitnr
2012 2385 2229 2455 coraliuma

203 2466 307 2560 signe.
321 2466 432 2558 ipsius
447 2468 590 2550 Persei,
618 2491 689 2561 quo
707 2466 855 2537 illustris
871 2481 906 2537 et
923 2478 1116 2559 pervagata
1141 2468 1193 2535 ia·
1244 2477 1336 2583 κόρη
1352 2479 1459 2575 ἁλὸς,
1486 2484 1520 2551 id
1541 2496 1613 2566 est,
1640 2484 1776 2575 pupilla
1793 2486 1916 2557 maris.

203 2592 264 2636 ma
295 2568 535 2659 significatur,
578 2592 687 2663 quam
714 2584 924 2641 consecutus
954 2582 1006 2641 est
1035 2568 1193 2664 occisa')

204 2670 416 2758 Gorgonum
439 2673 574 2763 regina.
1592 2707 1622 2776 G
1641 2732 1770 2797 orgo
1785 2732 1808 2775 n
1825 2731 1886 2775 es.
1966 2686 1972 2697 ’

1299 2856 1357 2927 Vs.
1382 2856 1470 2927 778.
1508 2864 1702 2947 Gorgoneos
1729 2860 1873 2946 tetigisse
1900 2861 2012 2926 domos
2036 2865 2233 2954 passimque

1654 2984 1716 3048 per
1738 2984 1847 3049 apros.

1350 3080 1406 3147 Ad
1427 3104 1545 3149 mores
1568 3083 1618 3148 ita
1641 3078 1904 3149 accommodari
1921 3090 2036 3169 potest
2050 3078 2235 3170 allegoria,

476 2896 605 2965 Atlas
641 2897 686 2963 in
714 2907 923 2965 montem.

254 3027 331 3099 Vss.
350 3026 426 3100 645
443 3054 496 3122 sq.
530 3034 571 3099 ld
589 3042 755 3113 mucan,
782 3033 901 3099 solidis
920 3033 1078 3116 ponsaria
1101 3031 1196 3097 clou-

615 3143 709 3200 serot
733 3133 835 3201 Atlas

257 3230 501 3326 mmmm),
1247 3178 1278 3251 si
1304 3206 1367 3272 per
1389 3182 1579 3301 Gorgonas
1607 3182 1851 3301 intelligantur
1878 3182 2078 3271 voluptates
2100 3194 2135 3249 et
2160 3182 2233 3250 ille·

1248 3283 1392 3367 cebrae,
1419 3286 1548 3379 qulbus
1562 3285 1660 3354 stultr
1675 3308 1777 3378 quast
1794 3308 1832 3353 m
1855 3307 1938 3353 saxa
1965 3296 2232 3354 convertuntur.

306 3344 462 3417 Atlantis
477 3348 705 3438 pomarium,
734 3350 773 3418 in
799 3374 872 3443 quo
898 3350 1071 3417 arboreae
1094 3350 1194 3416 sron-
1247 3385 1330 3455 mos

204 3448 266 3516 des
299 3470 389 3517 auro
428 3449 593 3519 radiante
624 3450 797 3534 nitentes,
845 3451 1020 3542 significat
1052 3451 1193 3542 copiam

202 3548 303 3634 auri,
345 3575 416 3644 quo
441 3551 661 3621 Mauritania
694 3555 855 3626 abundat
888 3554 980 3623 circa
1011 3553 1193 3623 Atlantem

200 3664 383 3738 montem,
425 3657 520 3725 unde
544 3654 725 3727 effoditur.
789 3658 846 3725 Ad
869 3658 1097 3748 spoliandum
1124 3651 1195 3725 hoc

200 3756 430 3845 pomarium,
472 3754 541 3828 boe
572 3772 641 3842 est,
681 3760 894 3851 rapiendum
923 3784 1071 3841 aurum,
1107 3758 1194 3827 Per-

202 3880 284 3928 seus
298 3858 383 3929 illuc
396 3862 598 3952 navigavit:
633 3862 724 3933 sicut
739 3863 889 3933 Carolus
910 3860 1111 3954 Imperator
1125 3858 1194 3929 boc

202 3972 365 4052 tempore
390 3960 530 4034 lndiam
555 3965 724 4055 spoliavit
748 3991 813 4057 per
831 3965 1028 4055 Hispanos,
1061 3987 1192 4055 magna

202 4063 307 4153 copia
331 4066 411 4135 auri
438 4090 480 4135 ex
495 4064 662 4159 Chryseis
685 4065 810 4137 insulis
824 4068 954 4138 ablata.
1005 4067 1191 4136 Atlantem
1298 4064 1355 4134 l's.
1375 4064 1458 4134 797.
1492 4072 1591 4138 Horae
1605 4072 1718 4159 pelopi
1741 4080 1849 4138 rector
1866 4070 1986 4156 tempto
2003 4067 2142 4137 titium
2157 4065 2230 4135 Mt-

201 4187 310 4248 vero,
352 4166 594 4236 Mauritaniae
629 4191 769 4256 regem,
817 4171 964 4237 tradunt
992 4182 1120 4259 poetae
1157 4169 1221 4249 ini
1661 4196 1791 4242 nervae.

201 4277 365 4335 montem
390 4267 492 4339 illum
516 4270 726 4341 altissimum
745 4293 819 4340 esse
843 4295 1076 4352 conversum,
1110 4294 1192 4360 pro-
1349 4287 1474 4360 crines
1489 4289 1618 4358 „mian
1642 4290 1680 4379 5¹¹.
1704 4300 1904 4381 serpente„
1927 4284 2130 4379 ,ignififflm
2144 4284 2229 4353 insi.

200 4378 324 4458 pteress
339 4374 437 4461 quod
454 4372 555 4441 fulta
574 4371 706 4439 PerseO
721 4371 811 4442 istuc
827 4374 1006 4464 depulsus·
1056 4372 1193 4443 Ferunt
1245 4386 1375 4472 ruiam,
1400 4414 1470 4483 qua
1490 4390 1643 4463 illustres
1662 4393 1816 4461 feminae
1836 4391 2087 4461 deformantur
2104 4386 2230 4457 amissa

151 4514 154 4521 -
202 4471 358 4539 eundern
379 4472 486 4543 fuisse
517 4469 776 4544 matlrematum
804 4477 1058 4566 peritissimum
1082 4489 1115 4543 et
1140 4478 1191 4543 in·
1245 4489 1427 4581 pudicitia,

1355 3411 1440 3457 vero
1461 3388 1564 3456 facile
1586 3388 1818 3470 interimunt,
1853 3388 1916 3481 qui
1938 3386 2062 3477 aegide
2077 3384 2232 3455 Palladis

1247 3501 1282 3556 et
1305 3490 1423 3579 gladio
1444 3488 1614 3559 Mercurii
1637 3503 1719 3561 sunt
1742 3490 1924 3573 instructi,
1959 3486 2026 3559 hoc
2043 3502 2118 3573 est,
2150 3512 2229 3581 pru·

1248 3594 1382 3661 dentes.
1446 3592 1504 3662 Sic
1526 3591 1697 3663 Erasmus
1719 3593 2006 3677 Roterodamus,
2047 3592 2086 3663 ni
2113 3592 2230 3674 fallor,

1247 3693 1454 3785 allegoriam
1473 3691 1565 3765 lianc
1582 3696 1713 3765 alicubi
1732 3696 1992 3767 accommodat.

1360 3868 1576 3983 Medusae
1604 3914 1767 4004 capilli
1796 3912 1841 3981 in
1867 3924 2124 4003 serpentes.
2239 3942 2256 3963 =

200 4646 408 4661 ,αι-ιι.-
1245 4664 1361 4677 *qn-n.
1372 4664 1397 4673 ...
1412 4666 1449 4673 -..-

235 4773 268 4840 5)
287 4776 395 4837 ooctra]
414 4776 455 4828 sto
471 4777 556 4832 utin.
569 4778 647 4833 1555.
654 4794 663 4845 3
687 4778 830 4835 1151551.
848 4779 949 4831 octona.
1280 4775 1326 4841 11)
1345 4764 1474 4841 eonion
1496 4781 1587 4830 Melae
1605 4779 1738 4844 desorlpt.
1758 4783 1816 4832 ort.
1843 4780 1865 4843 1,
1885 4780 1926 4837 11,
1944 4775 1971 4827 5.

236 4896 465 5019 wigmiim']
490 4899 533 4951 sle
554 4897 642 4953 rtttt.
663 4900 757 4967 tots„
788 4901 880 4963 15553
914 4899 993 4953 0111.
1013 4900 1061 4950 tto.
1081 4900 1190 4951 meust.
1215 4912 1219 4965 ξ
1280 4897 1349 4963 ns)
1367 4897 1495 5019 capotii]
1521 4902 1562 4951 stc
1588 4901 1669 4951 run.
1692 4903 1785 4967 1555..
1823 4902 1915 4964 tom
1952 4897 2033 4951 ovtt.
2049 4898 2103 4949 ltd.
2127 4896 2230 4950 Httsot

305 4981 356 5019 oen
389 4984 431 5021 us.
1213 4976 1218 4992 ¹
1312 4981 1386 5020 curo
1423 4983 1446 5021 s.
