4762 6008
93 1258 352 1350 LXXXIV.
408 1253 817 1342 Palatinis.
866 1231 1548 1340 iNTuRPaiauauiu
1601 1224 2123 1321 isitiimiolttinr

925 1393 1279 1486 PlNDARL

95 1665 205 1783 Haeo
227 1725 433 1804 interpretatio
454 1726 546 1784 latina
559 1722 756 1785 Melanthonis
777 1725 808 1783 in
831 1723 942 1782 duabus
963 1717 1022 1776 illis
1043 1712 1134 1773 liditt.
1158 1703 1265 1783 1558,
1286 1701 1381 1767 156³.
1403 1720 1492 1802 supra
1512 1697 1848 1800 p.187sq.”tlescriptis
1866 1704 1981 1796 exstat,
2002 1695 2125 1794 quibus·

95 1822 162 1869 caui
183 1807 302 1867 Pindari
330 1809 422 1869 Editt.
445 1809 581 1869 Francos.
606 1808 718 1885 1542„
750 1808 841 1869 Besil.
864 1802 976 1880 1556„
1007 1799 1045 1858 Η.
1067 1794 1175 1875 Steph.
1206 1789 1318 1866 1566„
1352 1787 1493 1848 Btiecliliii
1521 1799 1553 1847 et
1580 1784 1719 1864 Berglni,
1746 1795 1836 1862 atque
1864 1789 2124 1858 interpretationes

98 1894 141 1956 Η.
161 1891 323 1974 Stephani,
353 1894 460 1970 Heynii
490 1906 521 1955 et
548 1895 689 1955 Boeckhii
718 1893 892 1973 quibusdam
920 1891 953 1949 iii
980 1885 1051 1945 loeis
1074 1881 1195 1942 contuli.
1254 1876 1465 1969 Stropharuin,
1493 1869 1747 1970 Antistropharum
1768 1868 1951 1948 lipotlonque
1972 1881 2124 1939 numeret,

96 1976 205 2057 quibus
225 1978 300 2041 illae
322 1979 398 2040 duae
418 1979 508 2039 Editt.
530 1976 782 2061 interpretationis
805 1975 879 2039 Mel.
904 1984 1024 2057 carent,
1045 1987 1084 2030 ex
1106 1962 1249 2025 Bneckliii
1270 1964 1515 2040 interpretatione
1536 1956 1685 2035 adscripsi.

672 2538 675 2543 ,
831 2458 1095 2536 PINDAlti
1132 2450 1395 2528 lsTilMlA

630 2595 860 2661 pitiniano
896 2589 1233 2657 uariaraoitn
1270 2583 1596 2647 iuruaraarn.

517 2782 608 2871 ode
636 2784 669 2867 Ῑ.
1141 2807 1225 2863 tunc
1254 2804 1331 2859 crat
1360 2782 1606 2880 pentathlum,
1643 2784 1705 2853 sed
1725 2784 1905 2876 quaelibet
1930 2787 2130 2855 certamina

354 2940 441 3006 ,per
449 2937 567 3005 ,dm
611 2936 768 3004 Thebano
790 2936 819 3025 ι)
1140 2891 1322 2963 habebant
1337 2915 1419 2961 suas
1436 2910 1602 2957 coronas:
1630 2897 1779 2977 propter
1793 2907 1885 2977 quae
1902 2909 2008 2979 saepe
2025 2909 2129 2956 coro·

821 2987 831 3006 '
1135 2995 1218 3065 nati
1232 2992 1411 3085 conspecti
1427 3003 1510 3060 sunt
1535 2990 1581 3057 ad
1593 2986 1718 3056 Dirces
1739 2987 1872 3056 fluenta
1893 2999 1929 3056 et
1952 2990 1999 3056 ad
2012 2985 2130 3058 Euro-

202 3086 294 3185 (Sir.
312 3088 364 3184 1.)
391 3086 509 3156 Mater
524 3110 605 3155 mea
622 3081 767 3171 Thebe,
795 3101 920 3159 tenens
940 3108 1089 3155 aureum
1141 3111 1236 3181 tam,
1273 3100 1352 3185 (Ep,
1371 3098 1424 3181 2.)
1446 3087 1589 3185 Iphielis
1612 3089 1724 3173 filius,
1754 3088 1841 3160 civis
1858 3084 2130 3172 Thebanorum,

97 3194 277 3287 clypeum,
296 3186 404 3260 'tuum
423 3187 1019 3281 09⁰⁸³11¹0P011³m³ffisneg⁰ffi⁸2
1044 3210 1091 3255 ne
1142 3214 1178 3270 et
1192 3200 1339 3281 Castor,
1372 3193 1539 3266 habitans
1556 3186 1774 3283 Therapnen
1787 3190 1818 3279 ²)
1841 3190 1935 3261 inter
1956 3187 2131 3264 Achaeos.

95 3290 191 3367 mihi
203 3316 327 3387 aspera
341 3290 451 3363 Delos
468 3305 684 3376 succenseat,
709 3292 749 3361 in
769 3318 840 3388 qua
859 3292 937 3365 fudi
953 3288 1091 3385 aliquid
1142 3303 1282 3373 salvete
1303 3298 1451 3371 Heroas.
1502 3295 1581 3389 Ego
1606 3307 1726 3364 autem
1748 3292 1917 3386 Neptuno
1938 3306 1974 3363 et
1994 3289 2129 3365 Isthmo

98 3408 243 3490 gratum
261 3395 368 3467 bonis
391 3394 610 3488 parentibus.
674 3393 769 3465 Cede
791 3397 907 3468 insula
929 3391 1092 3488 Apollini
1145 3417 1181 3475 ei
1208 3399 1381 3475 Onchesti
1405 3400 1520 3471 littori
1551 3421 1681 3469 curans
1706 3391 1902 3487 hymnum,
1942 3395 2129 3466 celebrabo

98 3499 236 3569 dicata:
270 3496 417 3591 iungam
438 3510 631 3592 utrumque
664 3498 896 3583 beneficium,
928 3496 1008 3568 Deo
1037 3495 1092 3566 iu·
1143 3507 1274 3577 miram
1303 3507 1486 3574 fortunam
1516 3500 1630 3593 patris
1653 3496 1877 3589 Asopodori‚
1912 3501 2004 3583 (Str.
2021 3496 2074 3584 δ.)
2096 3507 2132 3566 et

98 3613 228 3687 vante,
262 3596 364 3694 (Ant.
381 3599 432 3695 1.)
458 3613 493 3669 et
508 3601 692 3670 intonsum
707 3597 894 3671 Phoebum
910 3598 1093 3668 celebrans
1144 3603 1366 3678 orchomeni
1388 3603 1544 3694 patriam
1566 3595 1718 3680 terram,
1752 3622 1844 3690 quac
1870 3598 1988 3688 ipsum
2013 3609 2134 3668 extru-
2230 3594 2235 3609 '

97 3705 142 3772 in
155 3702 361 3771 circumflua
375 3700 447 3768 Ceo
463 3726 543 3770 cuin
557 3699 743 3783 insulanis,
768 3712 803 3769 et
816 3701 938 3792 iugum
955 3694 1093 3777 Isthmi,
1145 3730 1225 3780 sum
1246 3704 1433 3794 naufragio
1457 3725 1500 3771 ex
1530 3701 1704 3769 immenso
1726 3698 1799 3769 sale
1824 3699 1864 3766 in
1888 3692 2037 3768 horrida
2058 3700 2132 3769 for·

97 3817 295 3899 postquam
321 3826 382 3871 sex
403 3824 555 3871 coronas
576 3803 682 3871 dedit*
691 3803 859 3872 exercitui
876 3798 1024 3882 Cadmi,
1052 3820 1095 3865 eii
1144 3822 1232 3879 iuna
1248 3804 1396 3896 excepit,
1446 3786 1689 3875 Nunc'rursus
1704 3823 1786 3872 eum
1801 3802 1947 3870 fortuna
1966 3801 2013 3869 ad
2035 3801 2133 3894 prin.

99 3902 360 3976 certaminibus
375 3903 481 3970 decus
496 3902 634 3993 patriae
657 3902 863 3986 victoriale,
889 3905 928 3970 iii
944 3924 1013 3996 qua
1039 3898 1094 3966 in·
1144 3934 1222 3980 rem
1239 3905 1536 4002 tranquillitatem
1554 3902 1705 3974 reduxit.
1755 3901 1816 3972 Fit
1840 3914 1960 3972 autem
1982 3903 2135 3988 cautior,

101 4005 286 4097 trepidum
303 4002 474 4073 Alcmena
489 4002 602 4072 filium
617 4003 777 4094 peperit,
817 4009 896 4093 (Ep.
915 4006 964 4090 1.)
987 4025 1093 4096 quem
1146 4010 1494 4109 quisemeladversa
1509 4030 1633 4100 passus
1649 4016 1712 4077 est,
1763 4002 1864 4101 (Ant,
1879 4003 1933 4103 5,)
1953 4005 2044 4076 cum
2060 4005 2134 4076 vir.

102 4110 304 4179 timuerunt
328 4107 519 4199 Geryonae
550 4127 665 4176 canes·
731 4103 808 4195 Eg⁰
837 4119 955 4175 aulem
980 4104 1096 4174 flem-
1146 4128 1203 4186 tus
1228 4112 1460 4184 omnimodo
1484 4104 1541 4181 his
1570 4108 1710 4179 duobus
1733 4119 1890 4192 constet,
1930 4121 2075 4201 sumptu
2097 4121 2135 4178 et

105 4215 193 4283 doto
213 4206 283 4280 hoc
305 4232 450 4279 carmen
472 4231 670 4297 apparens,
703 4208 838 4277 donum
860 4209 1000 4292 currui,
1034 4204 1098 4300 qui
1146 4218 1287 4286 labore:
1330 4225 1472 4307 oportet
1497 4207 1573 4295 his,
1605 4209 1669 4306 qui
1691 4231 1771 4280 eam
1795 4205 1949 4296 habent,
1979 4211 2135 4303 gloriam

105 4311 267 4385 habenas
287 4312 360 4383 suis
380 4311 547 4380 inanibus
567 4309 677 4394 rexit,
703 4310 786 4379 volo
802 4334 884 4380 euin
901 4311 1097 4400 adiungere
1148 4319 1304 4389 tribuere
1326 4341 1402 4386 non
1423 4314 1555 4385 invidis
1578 4312 1768 4383 mentibus.
1831 4309 1927 4382 Leve
1950 4314 2046 4383 enim
2069 4315 2134 4383 do-

109 4415 250 4486 Caslol'l
272 4415 330 4484 vel
350 4410 462 4483 Iolao.
519 4411 568 4479 Hi
589 4412 684 4480 enim
709 4425 744 4480 el
764 4436 804 4481 ln
824 4410 1097 4483 Lacedaemone
1149 4446 1236 4491 num
1253 4418 1482 4512 estsapienfi,
1507 4441 1575 4509 pro
1588 4415 1698 4487 variis
1714 4414 1897 4485 laboribus
1910 4414 2042 4485 dicenti
2056 4415 2135 4484 lau.

109 4530 146 4588 et
181 4512 317 4588 Thebis
355 4515 501 4606 aurigae
541 4514 837 4606 praestantissimi
884 4516 961 4584 nati
1003 4524 1098 4595 sunt,
1150 4526 1211 4593 des
1233 4522 1412 4592 celebrare
1435 4543 1624 4590 commune
1646 4519 1795 4588 bonum.
1860 4520 1940 4607 (Ep.
1966 4517 2017 4602 5,)
2043 4514 2134 4585 Aliis

109 4624 203 4711 (Sir.
225 4623 277 4707 Ξ.)
304 4630 339 4688 et
369 4617 409 4686 in
441 4615 696 4687 certaminibus
718 4615 874 4708 Plurima
898 4617 995 4686 mcii
1016 4628 1099 4688 sunl
1150 4623 1303 4716 negotiis
1332 4624 1403 4693 alia
1424 4621 1583 4715 praemia
1611 4632 1711 4691 sunt:
1751 4616 1904 4710 pastori,
1943 4615 2135 4707 agricolae,

106 4723 282 4815 praemia.
332 4719 461 4810 Fulget
477 4720 572 4789 clara
587 4719 700 4788 virtus
714 4718 753 4786 iii
771 4718 894 4789 stadiis
910 4720 999 4788 etin
1020 4741 1099 4788 cur·
1152 4727 1300 4818 aucupi,
1325 4725 1513 4819 piscatori:
1547 4720 1586 4793 hi
1613 4724 1768 4792 fructum
1788 4715 1884 4789 huuc
1910 4711 2065 4799 habent,
2095 4728 2137 4787 ut

107 4823 227 4895 sibus:
269 4827 368 4910 (Aah
383 4820 439 4916 Ξ.)
463 4845 571 4918 quam
602 4821 745 4892 fortiter
772 4821 1099 4892 manibus'iacula·
1151 4832 1283 4898 famem
1305 4829 1503 4921 depellant;
1542 4826 1604 4896 sed
1626 4824 1740 4894 victor
1765 4823 1804 4888 in
1828 4817 2080 4888 certaminibus
2101 4830 2137 4888 et

109 4928 248 4994 bantur
280 4918 419 5008 hastas,
460 4937 495 4995 et
517 4926 632 4997 discos
657 4924 859 4995 iaciebant!
897 4918 982 4996 Non
1004 4923 1100 4995 enim
1155 4931 1302 5025 proeliis
1316 4925 1385 5000 hoc
1399 4929 1528 5022 accipit
1540 4927 1763 5019 praemium,
1787 4932 1829 4992 ut
1846 4915 1990 5013 hymnis
2005 4920 2138 4992 rivium

1156 5047 1192 5104 et
1203 5030 1384 5125 hospitum
1400 5033 1576 5103 laudetur.
1629 5024 1779 5115 (5114.)
1800 5021 1912 5095 Nobis
1923 5036 2043 5093 autem
2052 5048 2139 5093 con·

134 5155 183 5222 ·1)
200 5155 278 5207 urso
295 5156 371 5208 orac
387 5156 549 5223 ascriptio,
567 5169 647 5221 quiri
664 5158 749 5209 nain.
763 5158 853 5222 raas„
872 5158 947 5211 taes.
967 5155 1102 5208 11111111.
1155 5137 1253 5208 venit
1267 5161 1333 5230 per
1346 5136 1439 5207 vices
1452 5134 1659 5222 Neptunum
1675 5128 1873 5210 celebrare,
1899 5137 1935 5195 et
1948 5138 2029 5199 tuos
2045 5125 2138 5196 lilios

125 5226 999 5365 2iturasatiaruut*auritteret
1015 5226 1102 5347 lh‘r
1155 5298 1359 5316 -Μ-

129 5372 134 5389 ¹
183 5360 369 5482 wirsburg
382 5361 632 5498 ssjffi’ffl?
656 5363 686 5415 m
708 5363 784 5441 'ilum
807 5368 836 5417 et
859 5364 963 5431 nom
985 5365 1120 5485 mm,
1186 5416 1218 5483 2)
1238 5410 1414 5478 1111111111]
1431 5403 1473 5461 sic
1490 5405 1543 5462 Eri.
1556 5404 1651 5473 [mr
1668 5404 1719 5460 Et.
1738 5402 1818 5459 1168.
1835 5404 2014 5466 Thermon·

109 5510 300 5581 Masuri.
322 5514 430 5580 Orsa.
453 5514 538 5579 Vos.
558 5512 648 5578 XIX.
1584 5492 1631 5563 17
