4762 6008
300 293 377 368 225
878 284 1001 358 Ptttl..
1036 281 1149 357 ufir.
1184 281 1386 356 SCRIPTA
1417 274 1755 354 Pmobootcs.
2256 284 2339 359 224

302 460 492 556 purpureis
513 459 629 531 fasciis
650 470 754 526 nocte
777 456 945 527 facientes
968 457 1055 537 iter,
1089 468 1124 524 et
1139 452 1290 525 Chironi
1339 456 1421 538 dat,
1447 453 1513 522 tibi
1533 476 1619 521 vero
1641 451 1708 522 llos
1728 448 1926 542 pubertatis
1948 460 2079 540 turget.
2137 449 2247 523 Potes
2269 478 2338 527 au·

75 652 79 663 ¹
173 562 176 571 ‘
303 590 361 635 me
379 567 554 633 dederunt
571 561 750 629 alendum.
802 558 894 651 (Str.
911 556 964 652 6.)
991 557 1202 648 cognoscite
1227 582 1289 627 au·
1339 569 1412 626 tem
1429 555 1568 624 aulerre
1584 554 1675 623 iram
1693 554 1914 623 terrestrium
1941 553 2174 625 daemonum.
2231 552 2337 629 lubet

301 680 373 737 tem
400 687 576 736 summam
601 658 730 731 horum
762 682 988 744 sermonum,
1029 659 1153 752 inclyti
1183 659 1288 742 cives,
1340 659 1436 728 enim
1451 652 1606 727 Phrixus
1621 656 1778 724 animam
1797 679 1899 726 suam
1917 654 2039 723 reduci
2054 677 2119 745 per
2137 680 2222 742 vos,
2247 682 2337 749 pro-

303 780 493 861 parentum
521 787 684 832 meorum
713 764 840 832 domos
870 758 961 831 mihi
992 763 1098 854 plane
1122 761 1289 831 indicate.
1339 761 1533 832 ficiscentes
1555 761 1600 827 ad
1616 757 1747 827 Aeetae
1763 754 1959 827 thalamos:
1995 768 2030 826 et
2051 756 2184 847 pellem
2208 761 2335 837 arietis

301 866 453 940 Aesonis
479 866 573 934 enim
603 864 695 933 lilius
726 863 914 953 indigena,
948 889 1024 933 non
1054 864 1101 931 ad
1134 863 1287 933 alienam

301 983 435 1039 terram
451 967 545 1037 veni.
596 965 794 1036 Centaurus
809 989 866 1033 me
883 965 1026 1036 divinus
1040 963 1202 1034 lasonem
1224 989 1288 1034 uo-

302 1070 466 1140 minavit.

406 1172 464 1241 Sic
496 1169 558 1239 ait.
625 1168 730 1237 Hunc
763 1169 1015 1259 procedentem
1047 1168 1161 1260 patris
1195 1170 1288 1239 oculi

304 1283 547 1364 agnoverunt,
589 1294 631 1339 ex
661 1271 759 1339 cuius
781 1271 950 1341 senilibus
970 1270 1150 1362 palpebris
1174 1272 1289 1364 lacry-

302 1400 383 1444 mae
398 1375 642 1454 stillaverunt,
669 1372 753 1465 quia
777 1372 816 1440 in
840 1373 962 1442 animo
983 1374 1202 1455 laetabatur,
1237 1373 1289 1441 vi·

305 1482 391 1548 dens
407 1470 685 1569 pulcherrimam
704 1475 877 1545 sobolem.

407 1578 507 1670 (aas.
523 1576 578 1670 6.)
606 1573 790 1644 Venerunt
806 1588 841 1644 et
859 1577 965 1645 ambo
982 1577 1111 1646 fratres
1125 1575 1288 1660 Aesonis,

208 1690 211 1695 '
305 1680 427 1752 audita
444 1678 646 1747 samarius:
682 1672 815 1747 Pheres
837 1678 962 1748 relicto
986 1679 1085 1747 fonte
1108 1679 1288 1771 Hypereo,

305 1795 341 1852 et
361 1775 569 1874 Amythaon
599 1802 642 1848 ex
670 1776 847 1849 Messana.
913 1780 1022 1849 Venit
1052 1792 1088 1849 et
1114 1782 1289 1851 Admetus

303 1881 467 1955 Pheretis
490 1881 603 1963 filius,
644 1891 679 1948 et
703 1880 904 1972 Melampus
924 1878 1162 1975 Amythaonis
1184 1882 1289 1965 lilius,

304 1986 522 2078 gratulantes
538 1982 640 2051 lratri
655 1984 825 2072 patrueli:
855 2009 945 2076 quos
967 1986 1003 2051 in
1019 1984 1185 2052 convivio
1208 2008 1288 2055 sua-

304 2089 407 2158 vibus
425 2084 650 2157 sermonibus
664 2085 801 2176 excepit
818 2083 950 2172 lasou,
967 2082 1157 2177 hospitalia
1174 2085 1288 2155 ollicia

304 2202 509 2282 praestans,
535 2187 623 2255 etin
639 2181 857 2256 hilaritatem
874 2190 1017 2271 ducens,
1040 2188 1200 2282 quinque
1216 2189 1290 2256 die-

305 2294 372 2361 bus
389 2293 580 2379 decerpens
602 2288 727 2357 florem
754 2289 921 2359 laetitiae.
974 2287 1054 2381 (Ep.
1071 2290 1124 2384 6.)
1151 2290 1288 2360 Verum

305 2405 404 2463 sexta
432 2392 489 2459 die
519 2390 709 2480 proposuit
733 2392 863 2461 serium
887 2417 1087 2461 sermonem
1119 2393 1290 2484 cognatis,

307 2494 370 2589 qui
386 2517 467 2562 eum
484 2493 742 2585 sequebantur;
770 2493 926 2586 quicum
943 2494 1210 2564 surrexissenta
1236 2517 1290 2564 se·

306 2597 430 2676 dibus,
455 2593 604 2684 ingressi
619 2595 767 2663 domum
783 2594 924 2678 Peliae,
949 2595 1000 2664 ibi
1015 2607 1199 2665 steterunt.

410 2696 485 2765 llos
499 2696 646 2766 audiens
664 2696 800 2780 Pelias,
825 2698 995 2787 processit
1012 2698 1167 2768 obviam.
1206 2695 1290 2764 Pla·

307 2799 426 2868 cidum
444 2808 563 2866 autem
579 2821 781 2868 sermonem
799 2799 955 2883 stillans,
982 2800 1065 2868 iecit
1076 2799 1290 2889 fundamen-

307 2914 382 2970 tum
400 2900 601 2991 sapientum
616 2924 835 2971 sermonum.
888 2900 980 2994 (Str.
996 2902 1048 2993 7.)
1070 2901 1161 2970 Sunt
1174 2896 1291 2969 homi·

306 3025 394 3071 num
417 3013 554 3071 mentes
576 3002 770 3073 velociores
798 3004 844 3070 ad
872 3003 1094 3071 laudandum
1125 3003 1290 3071 dolosum

307 3102 445 3171 lucrum
460 3126 548 3194 prae
564 3103 719 3187 iustitia,
751 3103 953 3194 repentium
977 3115 1098 3172 tamen
1120 3107 1166 3172 ad
1190 3128 1291 3194 aspe-

306 3227 388 3273 rum
403 3216 483 3292 post
498 3203 679 3296 lestum0).
705 3244 708 3249 >
731 3204 801 3273 Sed
818 3216 854 3273 et
867 3228 924 3274 me
942 3216 977 3273 et
990 3218 1024 3274 te
1048 3217 1191 3298 oportet
1213 3229 1291 3274 mo·

306 3307 472 3373 derantes
502 3304 611 3386 iram,
651 3303 829 3399 reliquum
860 3306 954 3375 vitae
985 3307 1133 3377 leliciter
1161 3322 1290 3379 texere.

1340 858 1537 944 advehere,
1572 859 1633 954 qui
1656 884 1698 929 ex
1719 860 1838 930 Ponto
1863 869 2022 929 servatus
2045 871 2098 929 cst
2120 859 2213 954 (scr.
2228 862 2334 959 8.)·s

1339 988 1515 1035 novercae
1531 962 1652 1054 impiis
1667 962 1755 1032 telis.
1807 960 1905 1030 Haec
1929 956 2019 1029 mibi
2041 962 2176 1053 species
2198 967 2334 1037 somnii

1340 1068 1505 1160 imperat.
1572 1061 1794 1152 Interrogavi
1824 1076 1941 1133 autem
1970 1063 2155 1135 oraculum
2179 1062 2332 1160 Delphi-

1340 1195 1442 1253 cum,
1467 1166 1590 1238 anilla
1616 1191 1674 1236 res
1697 1164 1858 1256 indagari
1883 1165 2006 1257 possit.
2054 1166 2103 1235 At
2117 1167 2246 1261 Apollo
2271 1195 2330 1242 ce-

1338 1272 1484 1342 lerrime
1506 1282 1541 1339 tc
1560 1269 1659 1338 iubet
1691 1268 1812 1337 navim
1846 1268 2022 1337 fabricare
2056 1270 2102 1337 ad
2133 1272 2332 1362 profectio-

1338 1399 1434 1445 nem.
1499 1371 1578 1441 lloc
1600 1385 1780 1441 certamen
1802 1370 2026 1441 voluntarius
2049 1373 2217 1465 suscipio.
2275 1376 2330 1446 Ac

1339 1476 1440 1560 iuro,
1464 1499 1523 1545 me
1539 1496 1787 1546 concessurum
1804 1496 1898 1556 esse,
1924 1485 1965 1542 ut
1985 1474 2082 1543 solus
2103 1498 2255 1567 reguum
2277 1488 2330 1547 te·

1339 1602 1436 1651 neas.
1503 1574 1656 1667 Iupiter,
1690 1588 1797 1645 autor
1819 1575 1958 1666 generis
1976 1576 2112 1660 nostri,
2146 1577 2246 1649 testis
2269 1577 2329 1665 sit,

1338 1677 1408 1751 hoc
1422 1682 1663 1750 iuramentum
1683 1690 1802 1748 ratum
1817 1680 1907 1749 lore.

1441 1816 1542 1884 Hanc
1557 1813 1758 1907 pactionem
1782 1825 1907 1883 mutuo
1932 1836 2097 1885 concessu
2120 1816 2331 1908 approban-

1339 1931 1391 1990 tes
1407 1919 1654 1989 discesserunt.
1700 1914 1788 1984 Mox
1802 1912 1906 1986 lason
1923 1915 2022 2010 (Ast.
2039 1916 2092 2014 8.)
2105 1916 2202 1987 misit
2219 1941 2331 2010 prae-

1341 2045 1465 2103 cones,
1491 2034 1532 2090 ut
1545 2019 1676 2113 ubique
1692 2018 1945 2088 denuntiarent
1962 2018 2158 2089 institutam
2176 2020 2330 2113 naviga-

1339 2125 1490 2194 tionem.
1556 2120 1635 2191 Cito
1670 2120 1779 2212 igitur
1810 2133 1882 2191 tres
1914 2120 1977 2190 lilii
2011 2116 2106 2191 lovis
2138 2134 2329 2209 venerunt,

1340 2225 1528 2307 Hercules,
1573 2223 1700 2294 Ca'stor
1735 2233 1770 2291 et
1799 2222 1943 2293 Pollux:
1993 2235 2029 2293 et
2059 2223 2124 2292 lilii
2153 2222 2327 2318 Neptuni,

1340 2354 1430 2422 quos
1445 2326 1601 2420 pudebat
1614 2349 1688 2393 non
1706 2325 1828 2394 venire
1845 2336 1993 2418 propter
2012 2327 2143 2410 robur,
2170 2326 2329 2423 Pericly-

1340 2455 1466 2499 menus
1482 2454 1524 2498 ex
1533 2428 1636 2521 Pylo,
1656 2423 1864 2519 Euphemes
1880 2453 1922 2498 ex
1932 2428 2120 2515 Taenaro,
2144 2422 2327 2521 Orpheus,
2351 2496 2354 2501 .

1339 2530 1517 2624 Apollinis
1532 2530 1637 2602 filius.

1443 2663 1524 2758 (Bp.
1542 2664 1593 2758 8.)
1619 2662 1720 2733 Misit
1735 2674 1770 2731 et
1783 2662 2004 2747 Mercurius,
2032 2677 2158 2735 tenens
2175 2688 2327 2737 aureum

1341 2768 1555 2849 caduceum,
1582 2765 1743 2857 geminos
1764 2765 1856 2837 filios
1877 2770 1925 2841 ad
1950 2790 2121 2856 magnum
2141 2767 2328 2839 laborem:

1341 2869 1406 2962 qui
1437 2868 1642 2938 deliciantes
1673 2868 1880 2960 pubertate,
1925 2879 1961 2938 et
1993 2862 2195 2941 habitantes
2227 2868 2347 2939 circs·

1340 2970 1564 3053 Pancaeum,
1607 2970 1677 3038 cito
1709 2982 1895 3041 venerunt.
1960 2967 2067 3041 Pater
2088 2969 2225 3041 Boreas
2252 2971 2329 3043 cito

1342 3073 1496 3142 armavit
1510 3072 1620 3141 Zeten
1636 3084 1671 3141 et
1686 3070 1832 3157 Calain,
1857 3068 2040 3145 horrentes
2056 3073 2246 3171 purpureis
2262 3073 2330 3146 alis

1342 3175 1381 3244 in
1397 3188 1510 3267 tergo.

1441 3291 1531 3363 luno
1548 3318 1634 3363 vero
1651 3293 1691 3363 iu
1707 3291 2243 3371 omnibusheroibnsaccendit
2265 3272 2330 3365 de-

307 3405 405 3474 llaec
424 3402 489 3474 tibi
511 3405 636 3475 scienti
659 3406 751 3476 dico.
815 3407 898 3476 Una
932 3409 1059 3477 bucula
1083 3421 1198 3482 mater
1223 3409 1292 3479 luit
1341 3395 1513 3466 fidetium
1539 3394 1629 3486 (Str.
1647 3395 1702 3492 9.)
1722 3398 1844 3481 navlsss
1878 3422 1925 3469 ΗΘ
1952 3398 2032 3492 (Ιῦῐδ
2053 3401 2151 3490 opud
2172 3408 2347 3468 malm·

309 3500 463 3578 Cretheo
486 3518 522 3575 et
542 3505 747 3578 Salmoneo.
811 3508 887 3579 Nos
917 3533 1002 3578 vero
1028 3511 1164 3582 abillis
1186 3512 1290 3580 tertia
1341 3499 1484 3567 relictus
1499 3510 1680 3583 maneret,
1706 3523 1862 3593 t⁰q¹10¹¹⁸
1879 3512 2031 3571 aetatem
2046 3501 2122 3570 siue
2144 3499 2327 3592 Periwlot

308 3608 537 3700 generatione
554 3609 644 3694 orti,
669 3610 754 3680 solis
775 3608 896 3680 lumen
920 3611 1092 3684 videmus,
1144 3613 1293 3685 Abesset
1341 3600 1404 3670 sed
1421 3599 1527 3670 vellet
1543 3601 1704 3669 invenire
1720 3603 1862 3673 virtutis
1875 3599 2108 3693 pharmacum
2123 3613 2209 3694 post
2228 3624 2329 3673 mor·

308 3722 428 3780 autem
445 3710 611 3793 felicitas,
636 3711 665 3781 si
682 3713 779 3804 quod
794 3714 917 3783 odium
934 3727 1023 3785 esset
1045 3715 1140 3786 inter
1162 3740 1291 3808 cogna-
1342 3705 1414 3771 lem
1430 3727 1510 3771 cum
1527 3701 1644 3774 ⁸⁰05&
1884 3732 1888 3739 ⁴
2331 3738 2334 3743 ’

308 3824 365 3882 tos
387 3811 464 3883 siue
488 3813 637 3903 pudore.
699 3814 799 3905 (Ast.
816 3815 870 3909 7.)
895 3813 979 3887 Non
1005 3819 1106 3887 decet
1129 3843 1195 3889 nos
1218 3820 1292 3910 gla·
1443 3821 1641 3915 Postquam
1668 3821 1776 3913 igitur
1799 3823 1836 3891 in
1859 3819 1994 3894 lolcum
2016 3823 2183 3915 pervenit
2199 3834 2329 3897 muts

308 3913 376 3983 diis
392 3915 680 3999 vulnerantibus,
706 3938 822 4009 neque
838 3916 975 4009 sagittis
998 3920 1215 4011 patrimonia
1239 3921 1293 3991 di·
1342 3947 1424 3993 rum
1439 3924 1524 4008 flos,
1549 3922 1654 3995 lason
1671 3949 1795 3996 omnes
1809 3925 1960 3996 laudans
1978 3927 2167 3999 recensuit.
2218 3924 2329 3999 vaces

308 4013 441 4084 videre.
479 4013 659 4109 Relinquo
672 4016 738 4087 tibi
754 4020 919 4108 pecudes,
942 4033 978 4089 et
991 4023 1101 4090 houm
1116 4036 1293 4106 armenta,
1342 4049 1430 4095 vero
1445 4026 1595 4119 Mopsus
1613 4029 1804 4100 exercitum
1823 4028 2011 4097 collocavit
2030 4028 2069 4097 in
2089 4030 2233 4113 navim,
2264 4050 2330 4099 su-
2369 4022 2376 4031 ’

308 4128 344 4183 et
358 4139 474 4205 agros,
500 4139 591 4208 quos
607 4118 781 4187 abstulisti
798 4121 887 4190 meis
901 4123 1121 4209 parentibus,
1148 4137 1184 4192 et
1197 4125 1292 4194 irue-
1342 4128 1453 4218 guriis
1476 4143 1511 4200 et
1531 4132 1698 4201 sortibus.
1759 4131 1911 4201 Ancoris
1935 4143 2053 4202 autem
2076 4130 2256 4224 suspensis
2281 4132 2331 4201 ad

308 4215 358 4285 ris
387 4217 458 4298 cis,
498 4217 641 4287 divitias
673 4220 869 4290 cumulans.
937 4221 1012 4292 Nec
1041 4246 1099 4291 me
1131 4226 1291 4295 cruciant
1342 4243 1519 4314 rostrum,
1559 4230 1658 4323 (Ant.
1673 4230 1727 4324 9.)
1753 4235 1825 4301 dux
1845 4246 1987 4323 accepta
2012 4229 2133 4326 phiala
2154 4236 2193 4303 iu
2213 4232 2333 4325 puppi

307 4313 414 4399 haec,
440 4329 539 4385 tuam
561 4320 708 4391 domum
732 4320 911 4412 augentia.
961 4323 1030 4395 Sed
1052 4339 1230 4416 sceptrum
1251 4342 1293 4399 et
1342 4330 1533 4401 invocabat
1553 4330 1674 4399 lovem
1699 4344 1733 4399 et
1758 4346 1903 4417 ventos,
1937 4347 1972 4403 et
1994 4346 2201 4419 noctes,·et
2221 4334 2334 4424 ponti

307 4414 478 4503 thronus,
512 4419 570 4489 cui
591 4418 752 4493 insidens
763 4424 848 4492 olim
867 4423 1006 4510 Aeson,
1030 4423 1291 4514 Cretheililius‚
1342 4432 1436 4515 vias,
1462 4444 1497 4502 et
1511 4433 1623 4502 laetos
1638 4433 1713 4504 dies
1728 4446 1763 4503 et
1780 4436 1919 4505 felicem
1935 4438 2103 4508 reditum.
2151 4432 2333 4507 Exnubi·

306 4522 417 4589 dabat
431 4520 508 4589 iura
524 4523 734 4621 equestri¹⁰)
752 4527 905 4618 populo;
932 4525 1020 4599 haec
1035 4530 1163 4601 solvito
1186 4533 1291 4604 nobis
1341 4534 1408 4603 bus
1423 4557 1510 4603 vero
1524 4535 1646 4605 sonuit
1658 4537 1812 4608 laustum
1829 4539 1985 4624 tonitru,
2012 4551 2189 4610 venerunt
2203 4550 2248 4613 ,ct
2269 4562 2334 4609 ra·

305 4622 384 4692 sine
408 4625 593 4692 communi
615 4627 760 4710 dolore,
797 4631 878 4722 (Ep.
892 4627 945 4727 7.)
972 4656 1017 4725 ne
1040 4637 1136 4727 quod
1155 4638 1290 4706 malum
1341 4636 1393 4704 dii
1408 4637 1566 4729 fulguris.
1603 4676 1609 4693 ··
1618 4636 1755 4711 Heroes
1773 4665 1859 4711 vero
1873 4641 1964 4711 moti
1979 4642 2089 4734 signis
2104 4641 2251 4724 divinis,
2276 4664 2335 4713 rc-

306 4725 390 4795 inde
416 4725 554 4796 excites.
1341 4739 1575 4831 spirationem
1608 4741 1731 4811 sistere
1765 4756 1968 4838 coeperant.
2034 4745 2116 4839 (Bp.
2140 4742 2193 4838 9.)
2222 4741 2334 4827 Vates

407 4827 466 4898 Sic
495 4828 585 4898 dixit
607 4826 724 4900 lason.
784 4831 927 4903 Placide
959 4848 1079 4906 autem
1107 4842 1292 4932 respondit
1342 4854 1460 4913 autem
1472 4843 1518 4941 ¹¹)
1541 4845 1771 4934 praeconium
1795 4849 1897 4932 fecit,
1930 4860 1972 4918 ut
1992 4871 2113 4918 remos
2139 4846 2334 4939 agitarent,

306 4926 441 5001 Pelias:
474 4929 548 5000 Ero
564 4930 666 5016 talis,
700 4936 761 5003 sed
782 4934 855 5002 iam
879 4959 937 5004 me
959 4953 1119 5012 senectus
1142 4943 1291 5014 circum-
1342 4945 1461 5017 dulces
1475 4970 1554 5039 spes
1576 4948 1749 5020 indicans.
1800 4949 2004 5040 Remigatio
2027 4950 2138 5043 igitur
2159 4951 2334 5043 procede·

1340 5048 1402 5119 hat
1417 5049 1601 5121 indelessa.
1655 5049 1816 5144 Cumque
1832 5051 1956 5121 Austri
1975 5051 2064 5125 flatu
2086 5061 2335 5146 pervenerunt

341 5159 1111 5290 ⁹)pppptntteppun]stcus.toss.(1’tnd.tntptas);
1144 5176 1194 5228 ua
1214 5178 1290 5231 ssas
1341 5153 1388 5221 ad
1412 5154 1542 5224 ostium
1562 5153 1667 5244 ponti
1679 5150 1830 5223 Euxini:
1862 5153 1914 5224 ibi
1935 5153 2105 5248 Neptuno
2122 5156 2336 5227 ,fundarunt

271 5331 292 5343 ''
341 5333 391 5391 ao)
409 5332 469 5384 iura
487 5336 611 5397 equestrl
630 5336 743 5405 populo]
763 5338 955 5396 1101551558.
973 5346 1023 5407 [11.
1035 5346 1138 5411 steph,
1157 5350 1290 5405 Boseth:

376 5404 552 5462 equestribus
570 5407 678 5468 populls
696 5408 759 5459 turs
774 5426 810 5456 =
827 5410 904 5464 Ptnd.
928 5410 1060 5474 ἱππόταις
1082 5415 1161 5478 λαοῖς
1183 5415 1290 5487 dtsscls

306 5083 513 5100 ᾗ..

1379 5412 1427 5482 11)
1446 5419 1551 5478 tutem]
1576 5416 1619 5469 stc
1645 5420 1742 5484 scrlpsl
1759 5427 1809 5485 (=
1826 5422 1905 5477 etna.
1924 5418 1987 5490 ὣς
2021 5424 2108 5482 rust.
2128 5424 2225 5495 1558.,
2252 5424 2333 5479 tw.

1411 5488 1511 5540 nesto
1527 5488 1656 5553 ωορκ
1682 5493 1779 5542 artem

374 5470 426 5520 lld.
444 5471 518 5522 1551.
536 5473 624 5523 nus:
649 5475 711 5526 lnrs
727 5479 869 5541 equestris
885 5485 994 5547 popolo.
