4762 6008
173 339 249 420 aas
760 337 884 411 run.
919 337 1032 410 usu.
1065 333 1268 407 scalers
1302 333 1638 409 ennonomca.
2134 347 2213 424 „a

172 512 265 608 (ste.
280 513 334 607 d.)
360 509 436 584 Nar
458 507 595 578 Musica
619 507 667 601 ¹⁸)
694 509 795 582 abest
824 536 845 578 a
875 508 1037 580 moribus
1066 509 1161 599 ipso·
1317 506 1352 577 0
1375 507 1469 577 filiae
1485 506 1728 590 Harmoniae,
1755 505 1826 578 huc
1849 518 1885 576 et
1904 507 1978 578 iam
2008 509 2212 601 legitimum

170 640 266 687 nun.
334 612 506 704 Undique
533 621 618 680 sunt
643 605 745 678 chori
776 611 978 703 virginum,
1016 624 1051 680 et
1081 609 1161 681 soni
1214 611 1412 680 lieroidum
1446 623 1588 681 coetum
1616 611 1809 680 convenire
1842 609 1942 679 iubet
1968 608 2126 703 Apollo,
2164 628 2207 689 ut

170 718 270 810 lyrae
292 724 330 781 et
351 709 592 794 cithararum,
629 724 665 780 et
687 710 815 793 tibiae;
858 726 894 783 et
925 737 1034 784 aurea
1058 714 1160 781 lauru
1213 710 1370 783 Themin
1387 724 1421 781 et
1438 708 1640 804 Pythonem
1657 727 1692 782 et
1705 711 1915 783 umbilicum
1931 724 2049 785 terrae
2071 719 2207 793 soneb's

170 839 291 888 eomas
302 814 465 906 ligantes,
488 807 652 881 hilariter
665 815 921 897 convivantur;
951 839 1016 886 nec
1031 813 1162 895 morbi,
1214 817 1318 885 initio
1335 836 1519 906 vesperae:
1561 811 1643 907 (Ep.
1662 814 1713 910 l.)
1737 826 1773 882 et
1790 810 1859 882 hoc
1875 814 2032 887 officium
2046 832 2207 908 praesta·

170 943 236 988 nec
253 929 415 988 senectus
440 915 586 986 suntin
609 939 649 984 ea
674 929 799 1008 gente,
827 924 862 987 et
885 920 963 990 sine
978 916 1161 987 laboribus
1213 919 1258 988 tis
1278 913 1433 998 Thebis,
1472 927 1508 983 et
1532 916 1641 1007 agoni
1664 911 1843 1008 Cyrrhae,
1884 914 1923 985 in
1946 942 2020 1012 quo
2046 915 2207 1018 Thrasy-

172 1034 208 1090 et
227 1020 303 1091 sine
334 1017 463 1110 pugnis
506 1013 607 1109 (Ant.
624 1019 679 1115 ὅ.)
701 1014 885 1105 habitant,
926 1032 962 1089 et
986 1019 1161 1111 effugiunt
1212 1022 1322 1090 dacus
1337 1030 1506 1111 paternos
1521 1017 1615 1087 lares
1638 1018 1792 1088 celebres
1814 1018 1988 1102 reddidit,
2014 1020 2206 1114 imponens

170 1122 333 1194 ultricem
351 1120 535 1194 Nemesin.
1212 1122 1263 1192 eis
1288 1121 1414 1191 tertius
1445 1142 1616 1189 coronam
1644 1120 1681 1188 in
1713 1120 1823 1189 divite
1854 1133 1951 1191 terra
1974 1122 2134 1216 Pylsdae
2153 1126 2204 1225 ¹)

271 1218 440 1293 adhunc
457 1223 645 1292 beatorum
666 1235 807 1293 coetum
828 1224 926 1294 venit
943 1214 1059 1294 a‘udar
1075 1223 1161 1291 Per·
1212 1224 1369 1306 vincens,
1386 1220 1449 1315 qui
1463 1221 1531 1290 tuit
1545 1216 1673 1315 hospes
1685 1219 1856 1292 Laconici
1863 1223 2019 1309 Orestis,
2047 1223 2205 1324 (Stra.)

170 1349 269 1408 scus,
310 1326 545 1416 praecedente
578 1348 664 1393 vero
696 1324 869 1407 Pallade;
916 1339 952 1395 et
984 1323 1162 1393 interfecit
1212 1350 1319 1419 quem
1342 1325 1530 1393 interfecto
1554 1336 1674 1414 patre,
1698 1324 1850 1398 Arsinoe
1875 1327 1996 1396 nutrix
2018 1350 2062 1399 ex
2085 1329 2204 1424 Clyte-

170 1427 398 1518 Gorgonem,
423 1438 459 1495 et
481 1425 589 1494 rediit
611 1426 764 1498 afferens
787 1440 895 1521 caput
909 1429 1086 1497 variatum
1102 1450 1160 1496 co-
1211 1440 1390 1500 mnestrae
1402 1425 1568 1496 manibus
1585 1450 1627 1495 ex
1642 1427 1804 1498 luctuoso
1813 1427 1899 1498 dolo
1917 1429 2072 1514 sustulit,
2087 1454 2204 1526 quan·

170 1531 239 1598 mis
254 1531 472 1609 draconum,
505 1526 602 1619 quod
616 1528 795 1619 lapideam
816 1543 971 1600 mortem
996 1528 1160 1599 insulari·
1212 1531 1261 1602 do
1271 1529 1508 1602 Cassandram
1524 1551 1603 1598 cum
1615 1528 1888 1620 Agamemnone
1905 1529 2084 1603 interfecit
2095 1557 2203 1606 saeva

169 1632 236 1700 bus
265 1631 404 1712 attulit,
445 1623 607 1722 mihique
641 1630 930 1704 admirationem.
1003 1632 1084 1726 (Ep.
1105 1630 1159 1724 ll.)
1211 1633 1353 1704 mulier.

170 1732 249 1802 Deo
264 1745 383 1809 autem
400 1731 624 1824 perficiente,
644 1728 735 1801 nihil
754 1734 961 1804 incredibile
976 1745 1040 1805 est.
1312 1732 1477 1827 (ama.)
1502 1731 1560 1800 An
1574 1728 1757 1823 Iphigenia
1775 1736 1820 1802 ad
1836 1732 2012 1826 Euripum
2028 1746 2201 1821 mactata,

270 1832 425 1903 Remum
455 1827 635 1917 inhibete,
663 1846 698 1903 et
723 1834 792 1905 cito
817 1859 987 1906 ancoram
1004 1835 1103 1926 figito
1122 1834 1160 1902 in
1211 1837 1337 1928 procul
1352 1859 1372 1904 a
1389 1834 1525 1927 patria,
1553 1835 1666 1903 movit
1682 1847 1847 1919 matrem,
1873 1849 1915 1906 ut
1931 1837 2099 1906 excitaret
2113 1859 2198 1926 gra·

169 1949 264 2004 terra
279 1937 324 2006 de
339 1959 462 2027 prora,
489 1959 580 2030 quae
598 1948 650 2006 est
665 1939 928 2009 munimentum
943 1949 1066 2009 contra
1084 1960 1159 2005 sco·
1211 1962 1290 2006 vem
1314 1935 1435 2006 iram?
1481 1935 1539 2003 An
1569 1960 1655 2004 vero
1687 1936 1804 2007 alieno
1830 1933 1988 2009 thalamo
2013 1936 2201 2008 lascivien-

169 2038 274 2130 pulos
290 2037 494 2109 latentesin
511 2038 615 2109 mari.
639 2037 734 2108 Nam
749 2041 815 2112 flos
833 2038 1051 2134 hymnorum
1073 2037 1159 2108 alials
1210 2053 1282 2108 tem
1318 2036 1486 2109 nocturni
1520 2037 1728 2109 concubitus
1769 2039 1988 2131 adegerunt?
2035 2042 2133 2133 quod
2162 2041 2229 2110 in,

101 2162 107 2171 ·
170 2141 218 2208 ad
232 2139 342 2210 alium
358 2163 561 2211 sermonem
577 2154 762 2232 properat,
781 2146 874 2216 sicut
887 2143 976 2234 apis.
1003 2140 1095 2235 (Str.
1104 2140 1158 2234 4.)
1209 2142 1406 2213 iuvenculis
1430 2140 1566 2229 nuptiis
1588 2141 1752 2211 odiosum
1784 2142 1954 2214 delictum
1980 2155 2054 2227 est,
2086 2154 2123 2211 et
2142 2166 2202 2213 oc·

166 2239 348 2335 Equidem
368 2266 472 2335 spero
497 2236 677 2313 Thessalis
708 2246 800 2314 circa
823 2246 984 2316 Peneum
1006 2243 1159 2312 funden·
1211 2245 1339 2315 cultari
1375 2245 1455 2338 (Bp.
1472 2242 1527 2338 ἰ.)
1550 2241 1675 2314 alienis
1690 2243 1821 2335 linguis
1836 2268 1913 2315 non
1928 2257 2058 2337 potest.
2097 2242 2201 2318 cives

168 2344 264 2415 tibus
289 2368 406 2414 meam
425 2343 569 2415 ‚dulcem
594 2367 738 2430 vocem,
782 2348 894 2440 magis
919 2346 1158 2416 celebraturos
1211 2358 1330 2416 autem
1355 2344 1439 2417 s'unt
1465 2344 1651 2428 maledici,
1685 2358 1720 2414 et
1742 2347 1903 2438 potentia
1928 2343 2037 2418 habet
2066 2346 2199 2419 multos

87 2461 89 2466 ’
170 2471 243 2519 esse
260 2445 479 2518 carminibus
492 2444 705 2538 Hippoclem
724 2446 791 2543 ⁹¹),
817 2463 859 2520 ut
873 2472 979 2519 curae
994 2448 1040 2519 sit
1056 2470 1157 2517 coae-
1209 2448 1364 2519 invidos.
1423 2447 1605 2537 Pauperes
1628 2460 1778 2517 manent
1799 2450 1927 2540 ignoti.
1990 2447 2199 2520 Interiectus

64 2633 67 2639 ¹
169 2550 304 2633 taneis,
324 2560 360 2618 et
372 2548 573 2623 senioribus
587 2561 624 2619 ct
637 2549 846 2642 virginibus.
879 2551 1044 2624 Aliorum
1061 2548 1156 2619 enim
1211 2562 1265 2621 est
1290 2563 1409 2620 autem
1433 2552 1703 2641 Agamemnon,
1745 2574 1908 2624 reversus
1940 2563 2022 2643 post
2049 2548 2198 2641 longum

170 2653 310 2722 animos
326 2652 387 2721 alii
404 2675 545 2722 amores
560 2652 731 2724 cruciant.
1209 2664 1350 2744 tempus
1369 2653 1414 2720 ad
1429 2650 1615 2743 Amyclas,
1648 2650 1811 2749 (stau.)
1829 2667 1865 2724 et
1878 2653 2037 2746 perdidit
2051 2650 2201 2724 Cassan-

272 2752 374 2846 (aaa.
393 2752 448 2848 4.)
472 2752 563 2825 Cum
586 2765 727 2838 autem,
769 2777 862 2848 quae
894 2764 997 2824 curat
1018 2750 1158 2844 aliquis,
1209 2755 1331 2836 dram,
1356 2766 1547 2847 postquam
1573 2768 1722 2847 propter
1736 2755 1907 2825 llclenam
1929 2754 2053 2824 deletis
2070 2753 2227 2824 Troia·-

169 2855 213 2926 iis
227 2857 383 2946 potitur,
407 2849 518 2925 habet
535 2857 692 2926 velocem
710 2856 983 2925 delectationem
1002 2853 1039 2920 in
1055 2875 1159 2943 prae·
1209 2854 1265 2925 nis
1279 2856 1452 2925 destruxit
1466 2853 1652 2947 opulentas
1668 2859 1805 2929 domos.
1837 2855 1980 2927 Orestes
1995 2878 2081 2924 vero
2098 2853 2200 2925 iuve-

167 2958 295 3027 sentia.
347 2959 449 3051 Quae
472 2971 593 3027 autem
615 2959 654 3025 in
678 2980 774 3025 anno
799 2958 918 3026 futura
942 2966 1043 3036 sunt,
1075 2977 1158 3043 pro·
1208 2957 1265 3027 nis
1286 2957 1386 3026 venit
1412 2962 1458 3027 ad
1480 2956 1712 3048 Strophium,
1752 2960 1815 3056 qui
1834 2955 2009 3029 habitavit
2038 2957 2087 3025 ad
2107 2954 2199 3024 Par-

169 3057 259 3151 spici
278 3081 355 3127 non
370 3070 532 3149 possunt.
1208 3060 1306 3130 nassi
1335 3063 1476 3152 pedem.
1547 3058 1617 3132 Hte
1639 3075 1764 3153 postea
1791 3075 1827 3132 et
1853 3074 2005 3133 matrem
2034 3069 2071 3128 et
2093 3056 2200 3150 Aegi·

273 3157 424 3228 Confido
448 3159 544 3228 dulci
565 3159 742 3230 amicitiae
757 3153 950 3242 Thoracis,
977 3157 1040 3252 qui
1055 3180 1159 3248 expc·
1209 3157 1328 3233 sthum
1345 3163 1532 3237 interfecit.

7 3246 12 3255 ¹
128 3245 130 3249 ἵ
169 3274 249 3330 tens
268 3285 388 3329 meam
411 3261 718 3348 benevolentiam,
751 3259 868 3331 iunxit
889 3257 984 3332 hune
1013 3283 1158 3329 currum
1312 3278 1412 3374 (Μ,
1436 3282 1489 3379 3,)
1526 3284 1651 3368 cmg,
1693 3283 1862 3366 omiti,
1901 3280 2028 3378 per⁸)
2056 3278 2199 3350 deviam

167 3359 375 3455 Pieridum,
416 3385 541 3434 amm
564 3376 765 3448 amantem,
805 3364 937 3433 (lucem
971 3362 1158 3432 (lucentem
1210 3381 1371 3453 semitam
1393 3384 1575 3457 volutatus
1601 3411 1700 3469 sum,
1731 3409 1812 3455 cum
1836 3396 1941 3455 antea
1968 3396 2105 3481 rectum
2131 3380 2200 3452 iter

169 3465 353 3535 ¹³⁰¹¹⁰V⁰¹²·
412 3462 493 3557 (lip.
512 3463 566 3559 4·)
591 3466 643 3536 Ul
662 3490 790 3545 ausum
815 3464 934 3557 lapide
956 3462 1072 3558 Lydi⁰
1102 3486 1160 3532 ²1·
1210 3483 1389 3575 ingressus
1416 3487 1495 3558 sim.
1546 3491 1605 3560 An
1632 3513 1691 3557 me
1714 3499 1841 3558 ventus
1864 3485 2103 3571 extrariam,
2135 3507 2200 3555 ceu

171 3567 355 3659 ploratur,
382 3564 430 3635 ita
450 3580 485 3637 et
499 3593 601 3639 mens
616 3564 724 3639 habet
744 3592 846 3640 suam
864 3565 1158 3660 explorationem.
1210 3586 1389 3657 marinam
1410 3588 1532 3657 navim
1556 3590 1727 3683 Proiecit,
1754 3613 1777 3657 0
1793 3588 1926 3661 Musa?
1963 3588 2034 3660 sed
2055 3588 2087 3658 gi
2107 3610 2200 3656 mer.

169 3668 314 3740 Fratres
329 3668 404 3739 eius
419 3667 526 3739 etiam
540 3672 750 3756 laudamus,
773 3671 838 3766 qui
861 3680 992 3763 augent
1008 3663 1160 3787 Thessa·
1210 3690 1295 3759 cede
1317 3714 1441 3760 vocem
1465 3703 1565 3762 tuam
1590 3705 1795 3784 argenteam
1816 3705 1921 3784 pacta
1940 3715 1996 3775 eg,
2023 3688 2111 3760 3153,
2127 3687 2198 3759 ὼ

170 3771 289 3842 lorum
312 3782 456 3842 statum.
505 3772 600 3846 Nam
622 3774 833 3867 gubernatio
857 3773 895 3843 in
914 3772 1030 3865 patria
1055 3771 1160 3842 bonts
1211 3792 1371 3861 carmina
1394 3799 1572 3866 movenda
1602 3808 1727 3879 erunt,
1774 3797 1853 3885 (Ep.
1869 3792 1925 3890 ³0)
1945 3793 2041 3886 l)atri
2069 3789 2198 3861 viimi

170 3874 421 3943 ⁶⁰¹¹¹¹¹¹0¹¹d²l³
436 3886 499 3943 ⁰⁵¹·
591 3922 594 3929 ·
1211 3904 1274 3964 aut
1287 3890 1541 3989 Thrasydaeo,
1566 3921 1721 3992 quorum
1736 3896 1873 3965 laetitia
1889 3908 1925 3966 et
1947 3895 2062 3987 gloria
2081 3892 2198 3987 splen-

1211 3996 1282 4067 det.
1315 3997 1478 4070 Victores
1494 4002 1656 4072 curribus
1672 4001 1711 4068 in
1725 3998 1905 4091 Olympiis
1922 3998 2120 4067 claritatem
2135 3990 2200 4065 ha·

690 4110 769 4195 XI·
875 4182 885 4194 ⁶
1209 4098 1385 4182 buerunt;
1418 4100 1509 4194 (Sir.
1526 4102 1580 4198 4.)
1596 4116 1632 4172 et
1646 4102 1685 4171 iu
1699 4097 1862 4196 Pythone
1878 4102 1968 4172 nudi
1984 4099 2201 4172 descenden-

827 4275 835 4292 ι
912 4274 952 4292 ..
1076 4273 1084 4293 ⁶
1211 4211 1263 4271 tes
1286 4202 1325 4270 in
1349 4204 1504 4273 stadium
1529 4205 1692 4275 vicerunt
1719 4216 1875 4274 caeteros
1894 4203 2052 4276 Graecos
2081 4224 2201 4272 cursu.

215 4274 271 4341 Tl
282 4274 495 4360 wilm
513 4272 668 4340 ΜΝ
681 4296 785 4362 imm
801 4281 919 4342 ”imm
940 4295 977 4339 Μ
994 4273 1114 4340 ΜΨ·
1210 4301 1392 4372 Divinitus
1408 4306 1562 4394 optarim
1580 4330 1623 4374 cx
1641 4305 1747 4376 bonis
1760 4306 1942 4396 possibilia
1959 4306 1998 4375 in
2013 4302 2084 4374 vita
2102 4324 2202 4373 mea.

278 4438 369 4530 (Str.
388 4436 438 4528 1.)
469 4435 597 4507 Cadmi
621 4437 734 4520 filiae,
766 4437 903 4508 semele
925 4437 1022 4508 gocia
1047 4439 1158 4509 coele,
1209 4401 1398 4473 Inveniens
1421 4405 1577 4476 enimin
1601 4406 1750 4479 urbibus
1770 4409 1966 4480 mediocria
1986 4403 2204 4478 diutiusflo-

171 4540 301 4622 stium,
328 4551 362 4607 et
377 4536 441 4608 lno
456 4538 678 4609 marinarum
697 4538 892 4618 Nereidum
907 4539 1016 4625 socia,
1040 4543 1158 4613 adeste
1209 4529 1309 4588 Μ’
1326 4533 1330 4541 ’
1347 4528 1473 4626 ³⁶Y¹¹ff⁰
1498 4510 1681 4578 f⁰fl¹¹¹¹³¹¹¹
1709 4523 1959 4604 lyr³¹¹¹¹⁰¹⁰¹¹¹·
2019 4507 2122 4604 lm·
2146 4503 2205 4604 4·)

173 4669 253 4716 cum
272 4665 442 4733 generosa
460 4639 622 4712 Herculis
639 4655 773 4726 matre,
807 4645 853 4713 ad
879 4667 1070 4715 aureorum
1096 4643 1159 4713 tri-
1211 4606 1404 4679 C⁰m¹¹¹¹¹¹¹¹
1418 4623 1549 4684 ”mule
1564 4625 1752 4687 ⁰⁰¹¹¹²¹¹l¹¹⁸
1766 4639 1858 4686 ⁸⁰¹³·

173 4748 307 4836 podum
325 4744 525 4834 penetrale,
551 4745 647 4834 apud
659 4743 807 4815 fluvium
823 4743 1036 4829 Ismenium,
1062 4747 1159 4840 quod
1311 4723 1429 4798 lflVldl
1444 4754 1507 4801 ⁵¹1³
1523 4730 1683 4822 i1³⁵⁰l¹¹s⁰
1701 4747 1801 4827 Pelle
1817 4730 2030 4824 puniuntur·
2066 4728 2104 4801 si
2120 4726 2204 4827 ‘1⁰3³

172 4849 304 4938 Apono
333 4848 543 4917 excellenter
569 4841 791 4931 honoravit,
837 4847 938 4941 (Μ,
957 4849 1007 4946 L)
1035 4861 1070 4918 eg
1094 4872 1159 4917 no·
1209 4832 1414 4924 pervenerit
1436 4835 1481 4902 ad
1505 4847 1702 4907 extremum
1727 4838 1774 4905 ad
1798 4847 1951 4919 metam,
1978 4846 2015 4904 et
2034 4832 2204 4926 effugent

174 4949 326 5015 minavit
348 4946 562 5031 Ismeniam,
597 4973 719 5018 veram
746 4951 864 5021 sedem
893 4951 1158 5023 vaticiniorum,
1209 4932 1401 5019 iniuriam,
1438 4948 1474 5005 et
1492 4940 1636 5008 tandem
1660 4938 1798 5031 placide
1824 4938 1999 5024 moritur,
2038 4936 2069 5008 is
2093 4934 2203 5006 relin-

505 5068 508 5073 “
1210 5034 1288 5128 quit
1303 5036 1384 5109 filiis
1399 5038 1471 5109 suis
1484 5038 1616 5110 honam
1629 5042 1784 5126 famam,
1806 5063 1899 5136 quae
1912 5050 2060 5134 superat
2076 5060 2204 5109 omnes

175 5133 380 5154 ’”““““““”“
822 5176 825 5184 ,
1209 5137 1371 5222 divitias,
1406 5136 1486 5235 (bb.
1502 5139 1555 5239 4.)
1576 5168 1667 5240 quae
1687 5138 1815 5236 Iphicli
1838 5144 1951 5215 filium
1976 5140 2118 5215 lolanm
2143 5162 2202 5212 ex·

207 5259 256 5331 2⁰)
280 5259 397 5329 Musica]
427 5262 468 5312 stc
486 5264 571 5316 nata.
598 5265 692 5329 taba,
722 5266 813 5328 tm,
847 5269 879 5321 u.
904 5266 1016 5333 stopa,
1049 5268 1157 5332 fleme,

243 5328 378 5379 Roscida:
396 5333 475 5380 Musa
495 5331 541 5395 (=
561 5331 639 5384 l’lnd.
657 5333 781 5397 Μοῖσα).

204 5443 255 5513 at)
274 5444 445 5512 numum]
472 5447 513 5496 aa
530 5448 616 5500 rute.
631 5449 723 5512 rasa„
749 5448 842 5510 tussa
866 5451 969 5515 sayna
986 5453 1015 5501 et
1033 5451 1160 5504 noenu
1203 5489 1207 5498 .
1241 5421 1291 5489 ²⁸)
1309 5422 1451 5488 Ilm]
1472 5423 1515 5475 '¹⁰
1533 5425 1584 5476 Η·
1599 5426 1694 5493 Mt
1712 5427 1762 5480 Ν·
1777 5427 1854 5480 ¹⁸⁶⁸·
1880 5428 1998 5493 ΡΜ·

239 5516 375 5578 tutona:
394 5516 588 5579 tttppoctesra3
607 5515 686 5569 ΡΜ.
702 5512 858 5569 Ἱπποκλέα.
1241 5525 1291 5594 n)
1307 5528 1371 5597 per]
1389 5526 1433 5579 sie
1450 5529 1501 5580 zet
1516 5528 1610 5594 tm
1632 5530 1682 5582 lid
1695 5529 1772 5584 Μ.
1789 5531 1837 5594 qui
1854 5542 1913 5596 per.
1996 5606 2003 5615 .
