4762 6008
121 366 201 446 626

125 553 193 610 aut
205 539 395 606 commode
410 537 561 606 refutari
580 549 773 631 nequeant,
795 560 869 605 esse
884 535 1110 652 dissimulau-

119 644 169 710 da
188 639 348 710 silentio:
368 638 621 710 confutationis
636 652 757 707 tamen
774 637 853 706 loco
867 636 1032 706 similiter
1046 637 1111 705 ali-

446 364 534 438 xcl.
592 307 875 437 ENARRATIO
900 363 1029 435 LIBRI
1055 363 1143 437 Xlll.
1170 362 1642 437 METAMORPHOSEON
1668 360 1827 434 OVlDll.

2066 362 2140 437 626

1260 534 1412 629 „ltaque
1438 559 1517 604 casn
1544 535 1582 602 iu
1604 530 1670 602 hac
1693 556 1797 603 causa
1818 557 1933 627 neque
1959 531 2138 616 nobilitas,

1158 661 1275 731 neque
1298 637 1485 727 cognatio,
1510 638 1573 707 sed
1590 638 1665 706 sola
1688 635 1874 727 utriusque
1888 634 2001 705 virtus
2017 646 2052 703 et
2067 659 2141 703 me·

119 743 212 836 quid
236 739 361 831 probri
391 742 597 812 adversario
623 739 883 822 obiiciendum,
910 741 1009 832 quod
1027 763 1108 808 euin
1133 740 1137 817 Ι
1160 739 1226 807 rita
1243 742 1433 830 spectanda
1450 738 1543 819 sint,
1568 763 1633 828 ego
1650 737 1772 828 paucis
1786 736 1957 826 attingam
1981 760 2048 803 nec
2068 736 2140 805 sin-

121 866 247 913 rursus
269 855 405 933 pungat
423 841 488 930 ¹⁰),
521 855 557 911 et
573 845 670 934 apud
689 841 871 911 auditores
889 841 928 907 in
951 853 1110 910 contem-

120 957 227 1036 ptum
249 946 414 1014 adducat.

159 1074 174 1103 ·.
226 1045 379 1131 „Liceat
392 1046 502 1136 igitur
517 1041 627 1128 mibi,
660 1047 758 1137 quod
775 1044 964 1115 necessitas
986 1056 1107 1133 postu-

122 1150 193 1231 lat,
233 1172 543 1231 commemorare,
583 1146 712 1239 quibus
741 1149 845 1217 rebus
883 1146 975 1214 alter
1004 1144 1106 1213 alteri

121 1262 296 1343 praestet,
322 1264 356 1321 et
380 1252 513 1344 absque
536 1248 671 1317 invidia
693 1248 843 1339 gloriari
862 1247 987 1329 bonis,
1013 1271 1105 1339 quae

122 1353 269 1444 proprie
285 1364 408 1423 nostra
430 1353 610 1422 dicuntur.
660 1348 752 1421 Nam
768 1350 879 1432 Aiax,
904 1351 989 1418 dum
1004 1360 1106 1416 nata-

122 1456 215 1525 libus
233 1469 267 1524 et
283 1455 461 1523 maiorum
478 1452 692 1543 imaginibus
710 1451 903 1542 gloriatur,
929 1473 1003 1518 non
1019 1474 1104 1532 suas,

122 1558 183 1626 sed
205 1556 370 1626 fortunae
393 1555 498 1625 bonis
513 1579 550 1625 se
570 1554 689 1623 iactat.
740 1554 778 1624 Si
801 1552 887 1646 quid
902 1548 1023 1621 tamen
1040 1575 1104 1620 no-

121 1659 258 1727 bilitate
274 1659 430 1748 generis,
456 1659 551 1727 unde
566 1650 657 1725 nihil
671 1656 805 1725 solidae
821 1667 856 1723 et
869 1676 974 1722 verae
987 1652 1104 1722 laudis

120 1760 224 1829 nobis
241 1760 396 1843 accedit,
422 1759 649 1849 gloriandum
671 1770 743 1839 est,
778 1780 843 1845 ego
863 1778 1006 1849 quoque
1028 1755 1103 1844 glo·

119 1860 207 1929 riari
223 1883 388 1951 possum,
415 1884 472 1928 me
489 1858 582 1929 lovis
598 1872 833 1950 pronepotem
857 1880 943 1927 esse.
993 1852 1103 1928 Laer-

120 1974 193 2030 tem
219 1961 314 2031 enim
341 1974 480 2053 patrem
498 1957 635 2043 babeo,
656 1959 804 2032 Laertes
817 1960 1021 2040 Arcesium,
1043 1951 1102 2025 bic

118 2059 250 2134 lovem.
299 2062 425 2157 Neque
438 2063 530 2133 ullus
543 2064 674 2132 scelere
695 2062 979 2141 contaminatus,
1004 2070 1039 2127 et
1062 2058 1101 2126 in

120 2165 264 2235 exilium
288 2165 420 2237 eiectus
435 2165 614 2254 reperitur
634 2164 672 2231 in
689 2187 767 2232 mea
784 2161 920 2230 familia
937 2172 1100 2251 paterna,

118 2278 159 2335 ut
179 2267 217 2335 in
240 2266 370 2336 Aiacis.
428 2269 545 2354 Auget
566 2287 710 2357 quoque
735 2264 960 2333 nobilitatem
983 2283 1100 2329 meam

118 2369 195 2457 ipsa
220 2378 354 2447 anates,
379 2388 487 2455 quam
504 2363 674 2433 Mercurii
693 2376 837 2453 neptem
860 2386 933 2431 esse
951 2372 1100 2432 constat.

117 2467 235 2560 Atque
256 2466 305 2534 ita
328 2476 521 2557 utrumque
543 2475 730 2553 parentem
753 2461 832 2532 Diis
850 2462 1009 2551 genitum
1034 2455 1099 2529 ha-

117 2571 198 2638 beo.
247 2567 318 2637 Sed
333 2565 506 2659 quoniam
526 2569 582 2650 (ut
598 2564 689 2661 dixi)
713 2561 801 2634 haec
815 2566 911 2633 bona
933 2562 1100 2632 fortunae

117 2669 257 2760 potius,
282 2691 392 2761 quam
409 2679 530 2735 nostra
546 2679 647 2748 sunt,
671 2662 764 2736 nihil
777 2667 816 2734 in
831 2661 898 2735 hac
911 2688 1016 2734 causa
1039 2687 1101 2731 va-

117 2772 209 2852 leat,
236 2772 334 2864 qood
356 2781 520 2838 materno
540 2791 670 2859 genere
694 2793 774 2838 sum
797 2766 974 2836 nobilior:
1001 2765 1099 2859 quod

117 2873 157 2941 in
176 2895 256 2941 mea
278 2871 412 2941 familia
435 2883 585 2961 paterna
607 2869 727 2941 nullus
739 2868 920 2938 fratricida
936 2864 1100 2936 habetur.

118 2974 240 3066 Quare
262 2973 363 3041 omni
386 2972 572 3042 nobilitate
595 2972 735 3062 generis
760 2972 920 3053 exclusa,
952 2969 1037 3040 solis
1062 2968 1101 3035 in

117 3074 373 3165 rempublicam
391 3074 527 3144 meritis
544 3098 688 3144 causam
705 3074 903 3164 expendite.
914 3068 931 3091 ”

169 3193 228 3267 Vs.
245 3194 329 3265 151.
354 3200 543 3264 Drsmmodo
555 3199 641 3287 qssod
650 3194 781 3283 fratres
798 3196 956 3263 Telamon
967 3193 1101 3260 Peleia·

422 3321 484 3391 pas
498 3294 652 3386 fueruat.

1159 841 1262 930 gula,
1287 842 1349 911 scd
1363 841 1573 932 praecipua,
1600 863 1691 933 quae
1713 863 1780 929 pro
1804 837 1986 907 communi
2010 837 2141 907 exerci-

1160 955 1215 1011 tus
1229 944 1341 1012 salute
1355 942 1393 1011 in
1410 939 1479 1012 hoc
1493 942 1586 1010 bello
1602 937 1759 1032 peregi.''

1207 1060 1267 1132 Vs.
1284 1061 1368 1136 162.
1396 1065 1556 1132 Praescia
1570 1060 1704 1130 vernari
1714 1062 1870 1148 genitrix
1883 1065 2013 1130 Nerea
2028 1062 2096 1129 leti.

1157 1174 1305 1250 Inchoat
1338 1182 1582 1249 narrationem
1617 1180 1664 1247 ab
1688 1173 1825 1247 Achille
1859 1179 2034 1263 adducto,
2068 1181 2140 1249 col-

1157 1282 1269 1372 ligens
1292 1282 1413 1351 omnia
1438 1282 1512 1352 eius
1526 1284 1619 1350 facta
1641 1279 1708 1351 sibi
1733 1280 1966 1350 adscribenda
1983 1306 2075 1359 esse;
2101 1305 2138 1352 se

1065 1449 1074 1465 ,
1157 1383 1252 1453 enim
1267 1380 1397 1455 horum
1412 1385 1518 1455 fuisse
1535 1406 1689 1454 causam.
1787 1442 1789 1447 .

1257 1486 1340 1569 „Ac
1367 1486 1525 1578 primum
1557 1484 1614 1578 (ut
1646 1485 1809 1554 ordinem
1839 1508 1959 1554 rerum
1989 1483 2025 1550 in
2056 1505 2139 1550 nar-

1155 1589 1270 1656 rando
1286 1589 1432 1684 sequar)
1454 1588 1568 1669 scitis,
1596 1600 1729 1683 quanta
1749 1609 1831 1657 cura
1850 1597 1885 1655 et
1900 1583 2137 1655 sollicitudine

1155 1682 1279 1758 Thetis
1304 1702 1418 1760 mater
1439 1686 1612 1759 Achillem
1635 1688 1746 1758 filium
1770 1686 1994 1770 custodierit,
2029 1709 2074 1754 ne
2097 1686 2137 1753 in

1154 1791 1415 1880 expeditionem
1432 1788 1525 1860 hanc
1539 1791 1841 1882 proficisceretur,
1868 1813 1975 1883 quam
1999 1811 2041 1857 ex
2057 1810 2137 1856 ora-

1154 1893 1233 1961 culo
1257 1905 1496 1985 praenoverat
1521 1893 1553 1961 ei
1578 1892 1721 1962 fatalem
1746 1917 1830 1962 esse.
1881 1889 2031 1961 Abdidit
2052 1912 2135 1957 enm

1153 1991 1191 2059 in
1208 1996 1416 2087 gynaecium
1441 1993 1534 2086 regis
1549 1991 1782 2086 Lycomedis,
1813 1993 1876 2062 ubi
1891 1992 1984 2060 inter
1999 1990 2135 2083 puellas

1152 2096 1281 2167 vestitu
1297 2095 1463 2168 muliebri
1476 2097 1612 2166 lateret.
1665 2095 1755 2166 Cum
1774 2117 1859 2163 vero
1882 2119 1902 2163 a
1925 2092 2026 2163 vobis
2044 2092 2136 2162 desi-

1152 2197 1338 2269 deraretur
1352 2192 1383 2281 ,'
1411 2208 1570 2291 essetque
1601 2196 1817 2282 obscurum,
1870 2195 2017 2265 ubinam
2048 2192 2136 2263 deli-

1152 2310 1316 2382 tesceret,
1342 2323 1457 2394 quave
1471 2300 1611 2369 ratione
1626 2313 1746 2391 posset
1760 2297 1930 2367 inveniri:
1966 2321 2031 2388 ego
2053 2296 2136 2367 dedi

1152 2421 1317 2489 operam,
1341 2413 1382 2469 ut
1399 2400 1670 2490 investigarem,
1695 2400 1759 2470 ubi
1773 2413 1985 2470 versaretur.
2027 2397 2135 2468 Cum·

1152 2522 1222 2592 que
1242 2502 1479 2591 explorassem
1513 2524 1595 2569 eum
1620 2502 1790 2572 occultari
1811 2503 1849 2570 in
1874 2501 1984 2594 Scyro
2006 2501 2135 2582 insula,
2193 2498 2195 2503 ’

1152 2601 1241 2668 clam
1267 2602 1351 2672 illuc
1379 2603 1558 2694 profectus
1580 2602 1680 2687 sum,
1718 2604 1834 2675 allatis
1861 2628 1999 2673 mecum
2024 2599 2133 2671 variis

1152 2705 1346 2786 mercibus,
1373 2704 1502 2797 quibus
1526 2719 1561 2773 et
1583 2704 1722 2796 puellae
1746 2717 1782 2773 et
1797 2705 1942 2776 iuvenes
1957 2704 2134 2774 delectan-

1151 2815 1222 2875 tur.
1272 2803 1337 2875 His
1354 2805 1522 2897 expositis
1539 2809 1586 2874 ad
1602 2807 1813 2898 gynaecium
1836 2807 1949 2898 regis,
1975 2830 2055 2876 cum
2077 2829 2134 2874 ac-

1151 2907 1314 2977 cedentes
1338 2909 1476 3010 paellae
1503 2909 1849 2998 contemplarentur,
1890 2921 1925 2976 et
1953 2916 2135 2998 cuperent,

1152 3032 1242 3102 quae
1276 3010 1362 3100 ipsis
1391 3011 1596 3101 placebant:
1637 3005 1792 3079 Achilles
1820 3004 1936 3078 adhuc
1966 3006 2136 3077 muliebri

1152 3123 1248 3180 veste
1271 3111 1435 3196 indutus,
1459 3112 1588 3202 arripit
1608 3136 1772 3204 parmam
1797 3123 1833 3181 et
1847 3106 2003 3182 hastam:
2038 3111 2133 3181 unde

1152 3214 1394 3285 coniecturam
1412 3216 1492 3298 feci,
1510 3211 1605 3285 hunc
1620 3215 1737 3307 ipsum
1754 3237 1828 3285 esse
1843 3209 2029 3284 Achillem.
2062 3209 2133 3281 lta-

1152 3343 1221 3411 que
1245 3344 1326 3390 eum
1358 3321 1532 3390 allocutus
1555 3331 1590 3388 et
1610 3314 1775 3389 hortatus
1796 3341 1898 3400 sum,
1930 3341 1975 3386 ne
1996 3316 2133 3387 subter-

117 3410 300 3482 Relutatio
318 3416 520 3505 argumenti
532 3415 576 3484 de
591 3410 806 3505 cognatione
829 3423 866 3481 et
884 3410 961 3481 iure
975 3405 1102 3480 heere·
1151 3422 1288 3512 fugeret
1311 3423 1496 3505 militiam,
1534 3446 1624 3491 neve
1652 3420 1832 3490 dubitaret
1855 3420 2041 3490 nobiscum
2066 3440 2134 3508 op·

116 3515 259 3586 ditatio.
883 3530 887 3535 '
1152 3547 1310 3614 pugnare
1335 3522 1506 3603 Troiam,
1536 3525 1582 3590 ad
1604 3522 1704 3591 cuius
1725 3519 1909 3589 interitum
1932 3522 2005 3610 ipse
2028 3529 2133 3586 natus

120 3642 125 3649 ’
217 3615 388 3698 „Deinde
405 3618 434 3686 ³5
451 3616 488 3686 ῐ11
504 3612 745 3706 1100111130ῑῖ1),
772 3614 834 3682 Ubi
848 3638 923 3683 1¹0ss
939 3615 983 3681 ‘¹⁰
999 3623 1101 3679 ΠΜ·
1152 3637 1253 3695 essct.
1302 3622 1601 3713 Effecidenique,
1625 3634 1666 3689 ut
1688 3643 1827 3689 mecum
1850 3616 1921 3690 huc
1936 3618 2133 3710 proficisce-

117 3715 227 3798 libus,
250 3718 313 3784 8Εᾶ
335 3719 379 3784 (le
402 3718 538 3788 meritis
561 3716 744 3785 conlenilo
767 3726 838 3796 esi,
865 3725 1036 3807 tanquam
1061 3712 1100 3779 in
1151 3737 1269 3808 retur,
1293 3737 1329 3795 et
1351 3724 1389 3791 in
1412 3723 1505 3792 bello
1528 3723 1706 3811 egregiam
1730 3720 1831 3790 vobis
1851 3744 1999 3813 operam
2023 3742 2132 3813 naqa.

118 3808 283 3884 adeunda
310 3812 532 3885 haereditate
557 3814 808 3909 propinquitas
836 3815 990 3898 valeret,
1012 3807 1101 3881 haec
1152 3841 1217 3897 m,
1281 3825 1377 3916 Ergo
1393 3824 1564 3919 quicquid
1587 3824 1632 3891 ab
1661 3846 1703 3890 eo
1729 3823 1929 3912 praeclare,
1962 3820 2136 3915 quicquid
2246 3820 2256 3830 '

117 3932 309 3985 ³Tm³¹¹⁰¹¹
326 3916 448 4001 Aiaci,
472 3917 535 3988 ⁸⁰11
549 3913 712 4010 1³5¹*th
738 3916 812 3984 5¹5⁰
832 3911 1000 3999 Achilli&
1020 3912 1100 3983 {¹¹¹⁰
1151 3930 1287 3999 utiliter
1302 3924 1360 3996 hic
1376 3939 1534 4019 gestum,
1560 3920 1649 3994 mihi
1664 3948 1748 3994 sane
1763 3924 1922 3995 debetur.
1969 3923 2045 4014 Ego
2063 3921 2133 3992 Te·

117 4020 343 4089 deberentur.
395 4019 536 4089 sivero
557 4018 588 4088 is
607 4018 839 4088 nonrelictus
856 4012 1099 4099 essetbaeres,
1150 4027 1296 4124 {epham
1315 4029 1458 4108 domun
1489 4052 1555 4116 08⁰
1570 4027 1703 4097 insula,
1720 4039 1756 4095 21
1773 4028 1878 4099 urbes
1895 4026 2029 4095 Troiae
2047 4024 2133 4093 vici.

114 4120 241 4205 Peleo,
264 4117 411 4191 Achillis
425 4119 540 4211 pdiri,
561 4119 625 4213 qui
641 4116 758 4190 adhuc
772 4118 873 4202 vivii,
898 4114 1100 4188 haereditas
1151 4158 1215 4206 aas
1240 4131 1457 4224 expugssdVl3
1491 4154 1555 4220 ego
1578 4128 1732 4222 denique
1763 4129 1943 4220 praestiti,
1969 4141 2009 4198 ut
2030 4138 2132 4207 esset,

116 4222 312 4295 ⁰bV⁰¹¹ifeh
361 4220 489 4292 Videte
505 4246 604 4314 ergo,
628 4245 736 4316 quam
752 4219 1100 4313 ffflPUdfflierslcisst
1151 4237 1214 4331 qui
1236 4260 1381 4307 saevum
1406 4247 1441 4303 et
1465 4231 1632 4303 omnibus
1655 4231 1917 4303 formidabilem
1942 4231 2133 4300 Hectorem

115 4325 222 4407 Ᾰῑὸῑ,
249 4326 337 4418 quir
357 4348 438 4395 tum
458 4326 596 4396 nonsit
619 4327 733 4417 gradu
747 4322 952 4417 proximus,
977 4337 1120 4393 lamen·
1150 4350 1391 4431 compesceret
1410 4349 1518 4428 atque
1538 4345 1792 4426 prosterneret.
1853 4333 1974 4426 Quare
1996 4328 2052 4401 his
2076 4352 2133 4399 ar-

116 4423 356 4496 baereditario
380 4426 459 4497 iure
481 4430 589 4511 audet
615 4450 714 4497 arma
742 4426 935 4520 postulare.
1001 4423 1098 4518 Quid
1150 4442 1238 4524 mig,
1276 4439 1405 4533 quibu,
1434 4461 1498 4527 ²8⁰
1520 4432 1694 4506 Achillem
1718 4449 1802 4505 tunc
1826 4436 1948 4519 indui,
1984 4457 2040 4503 me
2065 4455 2131 4522 pro

116 4530 231 4598 ‘fitam
251 4531 295 4599 de
319 4527 482 4615 Τθῦθῐθ,
519 4527 630 4620 i{⁸⁵3¹ss
650 4531 760 4598 fraite
787 4527 984 4620 gemm?
1025 4525 1100 4596 cur
1150 4555 1251 4614 tanto
1272 4541 1313 4610 in
1333 4539 1591 4632 rempublicam
1615 4538 1745 4607 merito
1768 4561 1863 4607 nunc
1880 4537 2009 4607 donari
2025 4546 2133 4625 atque

118 4633 267 4700 eandem
283 4627 541 4701 haereditatem
556 4654 632 4699 non
645 4630 760 4723 petit?
786 4629 851 4700 Est
865 4630 959 4699 enim
966 4624 1098 4700 Achilli
1151 4646 1273 4715 omasi
1290 4667 1365 4711 no„
1381 4641 1542 4733 iniquum
1562 4664 1635 4709 esse
1651 4663 1788 4709 censeo,
1798 4636 1815 4658 '⁹

116 4754 191 4798 non
205 4735 325 4850 minus
339 4733 553 4826 cognatione
567 4733 756 4826 patruelis,
779 4756 887 4826 quam
904 4731 980 4823 ipse
993 4731 1097 4801 Aiax.
1200 4764 1260 4836 vs·
1285 4764 1368 4833 131·
1415 4767 1460 4830 m
1493 4762 1566 4828 ,1010
1601 4765 1703 4828 ,mffm
1731 4764 1871 4828 pamm
1902 4758 2054 4842 pervenit
2086 4759 2131 4823 aa

118 4831 187 4900 Sed
210 4836 290 4903 ideo
318 4859 394 4905 non
414 4836 522 4927 petit,
548 4835 632 4930 quia
655 4834 821 4926 intelligit
842 4858 891 4903 ea·
907 4831 977 4904 sibi
996 4831 1098 4903 nullo
1455 4885 1579 4933 mu·

119 4949 395 5081 pmpmquuwf
413 4962 491 5007 ¹⁰oe
505 4935 656 5008 debens
703 5062 711 5077 ‚
1151 4992 1259 5084 Quod
1286 5008 1361 5057 rem
1393 4980 1660 5061 difficillimam,
1699 4980 1760 5047 sed
1789 4971 2013 5047 utilissimam
2048 4996 2133 5043 con-

167 5050 228 5124 Vs.
245 5048 330 5124 159.
357 5061 444 5144 largo
459 5082 594 5144 operam
611 5082 765 5150 qaomam
785 5058 910 5124 audam
931 5064 1099 5124 certamen
1150 5093 1290 5173 fecerit,
1324 5106 1492 5178 persuaso
1525 5085 1815 5172 Agamemnone,
1847 5089 1886 5147 υς
1919 5075 2029 5144 filiam
2064 5100 2133 5167 pm

422 5160 574 5228 ham·
1150 5197 1263 5268 salute
1284 5191 1506 5260 Graecorum
1528 5184 1733 5253 immolaret
1753 5182 1799 5250 ad
1813 5179 2025 5272 placandam
2046 5176 2135 5247 Dia·

119 5272 331 5373 Conclusio,
365 5298 457 5368 quae
479 5289 669 5369 praeparat
691 5276 829 5346 aditum
853 5273 900 5342 ad
922 5271 1100 5343 narratio·
1151 5322 1248 5370 nam·

117 5400 200 5444 nem
217 5399 363 5444 sciorum
379 5377 588 5445 meritorum
608 5378 645 5445 in
663 5375 933 5468 rempublicam.

118 5500 327 5514 ——n——n——n

153 5541 199 5610 ¹⁰)
217 5544 337 5608 panget]
355 5540 398 5592 sle
413 5541 497 5593 acac
513 5542 607 5604 teth:
628 5542 679 5598 td.
695 5541 769 5593 1119.
787 5542 896 5607 pogna

117 5626 302 5694 mma.
323 5625 431 5693 Orsa.
453 5626 537 5690 Vos.
559 5624 648 5693 ΧΙΧ.
761 5712 766 5719 .
912 5644 918 5654 ·

1254 5396 1446 5482 „Alterum
1472 5387 1541 5461 hoc
1566 5387 1776 5458 beneficium
1801 5379 1892 5454 mihi
1914 5403 2058 5476 quoque
2075 5402 2133 5448 ac-

1154 5513 1294 5593 ceptum
1313 5495 1400 5568 ferri
1421 5497 1544 5576 debet,
1571 5493 1687 5586 quod,
1720 5514 1801 5561 cum
1824 5486 2010 5558 universus
2035 5503 2132 5551 exer·

1623 5590 1672 5664 40
