4762 6008
119 276 150 286 ·“
210 258 320 368 '10⁷
808 284 951 359 run.
984 281 1099 354 aar„
1131 279 1344 355 semera-
1364 280 1700 357 ermenoarae
1805 302 1834 326 ·-
1868 306 1888 359 -,
2145 303 2150 313 ·
2218 298 2294 373 100

244 466 410 546 cordiae,
437 464 536 554 quod
562 457 775 551 nequidem
803 455 864 527 illa
886 457 1104 546 cogitamus,
1130 453 1237 525 istum
1290 478 1432 525 rarum:
1462 479 1547 545 ergo
1579 457 1628 526 ibi
1664 456 1818 527 multum
1845 469 1901 529 est
1921 458 2118 548 vitiorum,
2159 476 2194 537 et
2215 468 2297 539 dia.

244 571 425 661 ingentem
449 577 484 632 et
500 560 784 633 inenarrabilem
800 580 961 627 amorem
976 557 1045 625 Dei
1062 580 1143 647 erga
1160 582 1238 628 nos.
1291 556 1394 627 bolus
1427 551 1535 626 habet
1558 583 1620 627 sua
1653 583 1799 649 organa.
1868 557 1971 649 liniet
1991 562 2157 660 &tttgett
2178 571 2295 664 ‚mi

243 670 353 742 Extra
368 667 561 738 Ecclesiam
578 663 754 754 optimum
772 673 823 729 est
837 657 1021 730 bominem
1038 684 1113 728 non
1129 659 1240 743 nasci,
1291 661 1357 734 niel
1380 660 1534 749 ξῐζαετειι,
1567 664 1644 737 abet
1677 663 1783 756 menig
1815 662 1922 758 marat
1953 685 1989 738 et
2015 667 2103 762 nug,
2164 667 2205 740 ld
2240 689 2295 746 051

244 776 294 843 ita
314 775 420 842 etiam
436 791 560 836 verum
579 777 631 835 est
646 766 689 833 de
712 764 911 846 damnatis,
935 763 1026 832 sicut
1050 763 1181 832 dicitur
1195 764 1239 832 de
1292 764 1335 830 de
1367 763 1578 835 monstrosis
1616 768 1774 848 naturis,
1818 791 1974 858 quarum
1992 812 1995 817 -
2013 773 2203 847 cerebrum
2240 790 2294 850 est

244 873 411 970 luda⁴¹):
446 870 576 939 Melius
600 879 652 936 est
675 862 815 934 homini
832 878 1054 935 non'natum
1078 888 1151 935 esse
1173 878 1240 936 etc.
1293 878 1535 935 monstrosum
1569 879 1636 937 etc.
1686 867 1725 937 Si
1753 868 1904 939 stultum
1934 870 1974 939 in
2005 876 2182 947 mortaria
2207 900 2293 947 con-

244 977 363 1071 sagyri
383 976 529 1044 fuerunt
551 983 709 1062 spectra,
743 980 923 1049 monstra,
961 966 1007 1061 td)
1034 968 1116 1040 osia
1142 965 1239 1060 uitlpt,
1292 969 1434 1051 tundas,
1452 970 1726 1040 uon-auferetur
1743 971 1788 1037 ab
1805 994 1847 1040 eo
1864 973 2030 1056 stultitia,
2046 975 2166 1070 inquit
2182 979 2292 1052 etiam

245 1089 321 1157 1515
355 1085 396 1155 td,
423 1072 480 1165 ill,
515 1098 620 1164 saepe
649 1073 796 1141 suerunt
821 1070 908 1141 visa.
970 1070 1065 1162 Sylla
1090 1070 1239 1165 cepit⁴’)
1292 1069 1534 1166 salomone).
1576 1069 2080 1168 ,63011-111151111111191111111
2106 1081 2203 1174 ttae.
2229 1086 2292 1155 sed

132 1184 135 1191 ’
244 1185 412 1276 Satyrum
434 1177 615 1248 rediturus
631 1186 754 1243 contra
772 1172 929 1242 Marium
949 1171 987 1239 in
1001 1170 1153 1253 ltaliam,
1178 1174 1240 1241 sed
1292 1197 1371 1240 curn
1398 1173 1493 1241 bona
1518 1174 1763 1264 castigatione.
1815 1175 2062 1274 Horatius⁴⁷):

244 1282 336 1357 nihil
350 1283 488 1353 audivit
504 1302 584 1349 eum
601 1278 828 1370 loquentem,
853 1276 922 1345 luit
939 1287 1078 1344 tantum
1094 1274 1240 1357 stridor,
1354 1324 1357 1329 -
1396 1290 1678 1369 uosmet-expelto·
1696 1293 1786 1358 tmen,
1803 1294 1896 1345 unsa
1913 1294 2003 1360 ossus
2019 1302 2157 1354 mse
2270 1328 2274 1333 -

244 1409 421 1458 murmur.
474 1380 538 1474 ud)
565 1381 658 1474 buit,
685 1385 720 1451 15
741 1377 807 1468 [eiu
833 1398 906 1470 suut
931 1378 1062 1471 uepres
1087 1378 1145 1449 uit
1162 1400 1241 1468 spe·
1290 1376 1427 1460 Furca,
1465 1379 1594 1462 idest,
1625 1380 1689 1451 uit
1714 1383 1951 1475 btut³gelgttt,
1983 1384 2077 1456 sicut
2105 1386 2164 1456 ille
2192 1391 2291 1480 apud

245 1504 332 1562 ctra.
385 1487 558 1557 Coactum
585 1483 685 1552 illum
712 1481 880 1573 Satyrum
901 1481 1026 1549 dicunt
1048 1479 1240 1570 protulisse
1291 1479 1473 1561 Plautum,
1489 1481 1648 1573 quidicit
1662 1506 1699 1551 se
1716 1507 1858 1553 caesum
1875 1485 1922 1553 iri
1936 1485 2064 1582 etc.⁴⁸).
2088 1486 2213 1579 Legite
2226 1491 2290 1561 illa

244 1591 339 1664 hauc
354 1612 496 1659 vocem:
525 1585 711 1678 Optimum
730 1579 915 1653 hominem
936 1607 1013 1651 non
1034 1582 1151 1664 nasci,
1178 1593 1242 1651 aut
1291 1582 1481 1661 Plautina,
1507 1596 1593 1653 sunt
1616 1584 1966 1673 plenaeruditionis.
2072 1621 2078 1631 ·
2275 1622 2287 1665 ·,

246 1720 355 1791 quam
378 1689 561 1760 celerrime
588 1687 755 1769 interire,
781 1685 950 1776 extingui.
1002 1684 1117 1754 Huius
1140 1685 1241 1753 labu·
1376 1680 1454 1754 ¹Vs.
1473 1681 1559 1767 481.
1611 1683 2036 1780 thuilecissetmalum
2052 1693 2225 1784 bouum]
2252 1693 2292 1764 id

245 1799 301 1868 lae
328 1794 548 1864 mentionem
569 1790 654 1859 lacit
677 1785 959 1878 Plutarchusss).
1015 1788 1066 1865 Si
1091 1784 1129 1873 ill
1155 1804 1240 1873 tout,
1292 1799 1363 1869 est,
1391 1786 1490 1855 illum
1519 1801 1762 1861 monstrosum
1784 1792 2131 1867 lecissetdocilem...
2176 1806 2183 1827 ·“

246 1919 341 1976 utun
367 1918 447 1971 msa
472 1900 536 1970 bet
563 1894 654 1968 strab
682 1896 717 1966 iu
745 1894 881 1961 mundo
909 1888 1056 1983 estest,
1085 1889 1148 1957 sed
1174 1912 1241 1959 nos
1392 1887 1453 1960 Vs.
1475 1888 1561 1964 tae.
1622 1891 1660 1960 st
1691 1893 1844 1965 dedisset
1875 1891 1945 1967 hoc
1975 1894 2074 1967 Deus
2109 1895 2289 1989 medem]

246 2004 414 2077 dehemus
438 1995 703 2079 obedireDeo,
719 1995 828 2064 iuxta
855 1995 1008 2070 dictum:
1061 1990 1238 2061 Humilia·
1292 1989 1530 2082 Hippocrates
1545 2005 1598 2064 est
1614 2007 1714 2066 ortus
1731 2021 1774 2068 er
1792 1997 1927 2068 familia
1941 1996 2156 2087 Aesculapii.
2194 1997 2289 2075 Rau

245 2105 336 2177 mini
362 2103 428 2175 sub
458 2099 600 2193 potenti
618 2121 728 2167 manu
746 2096 819 2171 Dei
839 2096 982 2190 etc.⁴⁴),-
1013 2094 1152 2188 potenti
1174 2095 1241 2164 sci·
1292 2099 1349 2180 bet
1373 2097 1538 2189 betgeittu
1554 2098 1613 2171 ult
1643 2110 1737 2170 artes
1763 2099 1802 2169 in
1822 2100 1969 2174 familiis
2001 2099 2164 2192 beastan
2192 2102 2289 2175 Ari.

244 2209 328 2279 licet
351 2208 396 2274 ad
418 2203 679 2296 premendum,
711 2212 746 2268 ct
777 2199 918 2291 potenti
949 2199 994 2267 ad
1026 2200 1239 2269 sanandum.
1291 2199 1436 2269 steteles
1460 2213 1622 2273 materna
1637 2201 1782 2293 ¹origine
1804 2198 1996 2273 estexhac
2012 2203 2178 2275 familia..
2196 2200 2289 2295 Item

247 2310 396 2380 Confert
415 2307 510 2376 dicta
532 2300 672 2374 ethnica
698 2305 743 2372 ad
760 2302 966 2373 Ecclesiam.
1018 2300 1170 2370 Difficile
1189 2312 1241 2370 est
1291 2313 1394 2391 pater
1410 2302 1613 2374 Aristotelis
1640 2303 1709 2379 fuit
1729 2304 1898 2378 medicus.
1949 2304 1998 2375 Et
2018 2305 2093 2398 ipse
2112 2305 2290 2379 Aristote-

245 2413 399 2485 retinere
429 2408 642 2479 sententiam
671 2406 715 2474 de
746 2405 993 2497 providentia,
1033 2405 1148 2473 multo
1174 2402 1240 2469 mi·
1291 2403 1341 2475 les
1364 2398 1516 2476 Athenis
1536 2406 1618 2477 tuit·
1633 2406 1857 2503 aliquamdiu
1882 2409 2109 2502 myropolia,
2124 2410 2181 2483 eiu
2198 2409 2289 2502 Ipsa

244 2539 334 2597 nus,
359 2513 457 2607 quod
481 2524 515 2580 te
540 2511 625 2580 velit
648 2508 818 2599 recipere.
881 2504 988 2576 Fides
1008 2530 1083 2575 non
1108 2506 1240 2575 retine·
1291 2505 1493 2601 teletiuttbt.
1546 2508 1606 2581 Sic
1628 2509 1666 2578 in
1689 2508 1835 2582 familiis
1857 2524 1942 2583 sunt
1959 2510 2147 2582 institutio
2162 2512 2290 2604 primis

246 2630 306 2687 tur
328 2616 404 2686 sine
436 2613 574 2705 magnis
606 2611 861 2681 certaminibus
891 2622 927 2679 et
950 2609 1135 2698 agonibus.
1186 2605 1238 2677 lta
1292 2611 1408 2679 annis.

151 2716 156 2721 ’
246 2720 403 2789 conferte
427 2717 519 2786 dicta
542 2728 577 2785 et
594 2714 765 2806 opponite
781 2712 959 2783 canticum
975 2712 1239 2783 dulcissimum:
1393 2709 1716 2787 vestas-tes.
1751 2713 1902 2789 ,Sanare
1917 2726 2104 2804 stuporem
2125 2727 2161 2787 et
2173 2728 2290 2785 matu·

245 2822 373 2898 Grates
396 2843 492 2888 nunc
510 2840 634 2888 omnes
658 2817 808 2886 dicimus
824 2812 984 2886 Domine
1002 2813 1156 2906 ΜΨ).
1292 2837 1351 2883 ras
1365 2828 1599 2898 monstrosas,
1616 2816 1781 2889 tulissent
1794 2816 1925 2889 multas
1939 2827 1976 2884 et
1991 2838 2140 2904 magnas
2152 2830 2289 2893 merces

346 2921 405 2992 Vs.
424 2919 510 2997 428.
561 2919 609 2989 Et
629 2920 744 2990 iacere
760 2940 867 3009 super
880 2929 1074 2985 metentem
1089 2916 1240 2985 multam
1293 2918 1365 2986 des.
1417 2918 1457 2987 Si
1476 2942 1578 2991 mens
1594 2919 1696 2989 laona
1719 2930 1810 2991 esset
1829 2916 2009 3011 possibilis
2028 2917 2124 2993 lactu
2147 2928 2182 2987 et
2205 2941 2288 3009 poe-

245 3040 397 3106 terram,
423 3026 462 3093 id
486 3037 558 3105 est,
584 3021 825 3090 cumulantem
836 3014 867 3115 ,]
893 3019 931 3087 id
954 3031 1027 3102 est,
1058 3020 1174 3087 iacere
1188 3041 1241 3088 se·
1291 3018 1403 3089 sibilis
1430 3020 1540 3090 insitu
1557 3034 1654 3104 arte,
1675 3017 1862 3114 nunquam
1878 3032 1968 3095 esset
1985 3032 2208 3095 monstrosus
2217 3044 2290 3095 na-

244 3129 385 3221 pultum
407 3128 472 3196 sub
496 3139 611 3206 terra,
645 3145 737 3216 quae
759 3121 809 3193 sic
836 3121 1058 3193 accumulata
1079 3121 1126 3191 sit
1149 3120 1241 3193 sicut
1292 3134 1348 3193 tus
1366 3144 1407 3193 ex
1422 3124 1521 3199 beno
1537 3136 1639 3214 patre
1652 3176 1664 3207 ,
1677 3124 1944 3216 ,obtemperans
1966 3123 2202 3218 prudentibus
2215 3146 2290 3193 ser·

245 3230 423 3311 tumulus,
450 3229 506 3297 vel
524 3227 615 3296 sicut
628 3224 897 3296 accumulantur
912 3227 1031 3317 fruges
1046 3227 1241 3297 demessae.
1292 3214 1471 3298 sirenibus.
1523 3225 1595 3296 Sed
1616 3229 1769 3310 docens,
1800 3227 1937 3299 scilicet
1960 3238 2199 3299 monstrosam
2218 3249 2291 3301 ,na-

347 3329 409 3400 Vs.
424 3327 512 3402 429.
563 3326 717 3397 Facilius
741 3340 793 3398 est
813 3352 985 3418 generare
1007 3341 1042 3396 et
1062 3329 1157 3396 alere
1174 3322 1239 3394 lto·
1291 3340 1430 3410 turam,
1457 3340 1497 3397 ut
1512 3327 1716 3412 Neronem,
1743 3325 1835 3398 nihil
1859 3328 1987 3398 efficiet
2014 3342 2079 3397 etc.

246 3428 413 3529 minem]
466 3431 669 3524 Utrumque
703 3442 756 3500 est
785 3431 926 3500 difficile
949 3442 985 3498 et
1007 3453 1178 3519 generare
1202 3441 1238 3498 et
1393 3429 1660 3527 Vss.459.sqq.
1688 3429 1843 3503 llXVlll.
1874 3430 1929 3500 De
1946 3429 2107 3510 curiosis·

245 3539 352 3608 alere.
1386 3532 1551 3605 ¹Stultitia
1575 3548 1630 3606 est
1644 3535 1733 3606 soris
1749 3558 1874 3626 sapere
1890 3546 1926 3602 et
1944 3554 2021 3603 non
2037 3530 2150 3607 domi.

345 3636 424 3708 Vss.
447 3633 524 3710 429
546 3661 599 3730 sq.
652 3636 771 3728 Quam
804 3633 958 3704 inserere
981 3635 1116 3702 bonam
1139 3655 1238 3703 men·
1425 3651 1481 3703 sed
1497 3663 1554 3715 non
1571 3650 1700 3705 videm
1716 3650 1868 3717 nutare,
1885 3648 2003 3713 eset-n
2021 3650 2103 3712 sergo
2120 3646 2175 3709 est,

244 3754 315 3810 tem
326 3737 353 3839 ,]
377 3740 479 3835 quasi
500 3738 612 3809 dicat:
640 3738 837 3807 multorum
860 3749 1010 3807 naturae
1034 3737 1120 3807 tales
1142 3749 1238 3818 sunt,
1291 3738 1519 3834 Catullost).
1544 3730 1663 3817 Nemo
1674 3753 1740 3825 est,
1757 3739 1820 3834 qui
1833 3760 1960 3807 nonen
1974 3735 2094 3828 aliqua
2109 3743 2212 3825 parte
2232 3744 2291 3802 est

243 3857 285 3914 ut
304 3843 491 3911 difficulter
509 3842 697 3910 flectantur
715 3843 760 3911 ad
783 3841 953 3910 virtutem
971 3854 1120 3933 propter
1134 3864 1237 3909 mon·
1290 3842 1456 3914 Suffenus
1471 3841 1538 3938 ⁶⁹),
1564 3843 1719 3932 stenen,
1740 3842 1803 3937 qui
1823 3864 1897 3912 sese
1920 3839 2024 3911 valde
2046 3836 2288 3907 admirantur.

243 3946 460 4017 strositatem
481 3957 516 4012 et
545 3944 759 4034 pravitatem
784 3956 947 4013 naturae.
1001 3943 1156 4013 Multum
1186 3955 1238 4012 est
1288 3932 1451 4039 Aesopus
1474 3946 1564 4016 dixit
1586 3940 1753 4016 homines
1781 3941 1913 4013 babere
1945 3941 2140 4022 manticas,
2173 3960 2291 4007 unam

242 4060 527 4117 monstrosarum
552 4058 787 4129 naturarum,
813 4046 902 4114 alius
921 4046 993 4114 alio
1010 4048 1132 4114 modo.
1289 4048 1329 4115 in
1354 4061 1475 4140 tergo,
1503 4051 1653 4121 alteram
1666 4063 1778 4133 ante,
1803 4049 1841 4116 in
1857 4044 2095 4138 posteriorem
2111 4066 2175 4113 sua
2197 4038 2287 4109 vitia

345 4148 406 4217 Vs.
424 4148 510 4218 430.
562 4144 678 4216 Nemo
696 4143 812 4217 adhuc
827 4147 1040 4238 excogitavit
1056 4131 1145 4242 hec]
1172 4144 1238 4215 sci·
1289 4165 1471 4242 reponunt
1496 4152 1643 4246 ems)
1689 4141 2289 4243 83101n00⁶¹);lustuginprinci.

243 4251 327 4321 llcel
362 4251 546 4343 quomodo
588 4262 812 4321 monslrosae
849 4263 999 4320 mlurde
1035 4249 1237 4317 flectantur.
1289 4254 1349 4344 pio
1377 4267 1562 4333 dsscuddlot
1585 4267 1637 4323 est
1658 4254 1736 4337 sul,
1775 4263 1899 4341 postea
1934 4248 2138 4318 considerat
2162 4246 2287 4323 alium,

244 4353 361 4424 Curva
385 4352 481 4441 ligna
504 4374 579 4419 non
596 4365 745 4442 possunt
760 4353 837 4421 lieri
854 4365 970 4436 recta,
996 4348 1236 4444 seminent).
1287 4357 1350 4433 Qu
1375 4357 1489 4443 State,
1516 4353 1808 4427 descende-intra
1832 4365 1889 4434 te,
2087 4420 2091 4425 ,

242 4454 422 4549 Loquitur
442 4456 485 4522 de
502 4466 575 4521 tota
600 4455 829 4524 multitudine
852 4454 1113 4526 etmonstrosis
1129 4465 1236 4521 natu·
1313 4518 1317 4525 .
1390 4474 1489 4525 resen
1504 4470 1613 4538 uses,
1630 4468 1768 4538 steorte,
1789 4463 2290 4553 ιμιιιινιιι1111οιιῄιιιιιοιιοιθ),Ι

241 4559 311 4641 ris,
347 4577 436 4631 uene
471 4564 508 4630 et
541 4555 589 4646 im
623 4557 728 4632 teiucr
762 4559 798 4631 iu
825 4557 933 4647 fiune,
974 4578 1007 4631 et
1032 4558 1126 4633 nolle
1152 4553 1235 4649 feld)
1292 4617 1320 4626 -
1338 4612 1497 4623 --.-

241 4661 420 4754 Stasimum
445 4659 567 4753 beben,
594 4662 636 4733 bs
657 4661 728 4734 teia
752 4660 883 4753 meupct
911 4661 1010 4733 iunco
1029 4660 1094 4753 fet).
1139 4662 1233 4730 Mut-
1320 4692 1369 4760 40)
1388 4678 1541 4754 mm,
1557 4688 1601 4741 η,
1630 4730 1632 4735 ,

241 4763 357 4835 titudo
380 4762 569 4835 hominum
591 4776 730 4855 constat
753 4787 883 4854 magna
906 4764 1109 4833 diversitate
1132 4775 1236 4831 natu·
1321 4776 1641 4845 catalaunenses,
1661 4775 1771 4841 so,2t.
2052 4814 2057 4837 ,

1321 4866 1465 4931 wallace
1486 4864 1615 4925 spectare
1637 4862 1766 4912 videntur
1789 4857 1947 4933 adstent
1970 4853 2100 4907 culum
2118 4854 2162 4943 ll,
2186 4851 2219 4918 5,
2238 4853 2288 4909 57.

276 4994 326 5052 ss)
343 4997 438 5046 uasa.
457 4998 508 5062 es,
525 4997 568 5048 es.
592 4973 743 5061 arare'as,
761 4998 804 5049 aa.
1320 4932 1653 5081 493'ffl1’,¹2'2:⁴,:f¹³'

277 5079 326 5138 ⁴²)
344 5081 429 5141 “llll
447 5083 496 5132 Ed·
518 5083 592 5132 ¹⁵⁶⁰·
611 5082 713 5144 ⁰⁰⁰⁹st
1286 5116 1292 5127 ·
1320 5101 1369 5167 50)
1389 5102 1533 5159 audenus,
1552 5111 1651 5149 nonen
1672 5101 1771 5159 pestes
1789 5096 1891 5157 inepti,
1917 5096 1962 5160 qut
1981 5110 2014 5146 ss
2032 5095 2176 5159 plurimum
2194 5094 2286 5145 edul-

273 5165 326 5223 45)
345 5164 489 5241 proterea,
502 5166 584 5228 sylla
601 5180 624 5217 c.
642 5168 685 5219 27.
1356 5173 1481 5220 sabatur.
1525 5168 1595 5215 ltine
1618 5165 1752 5215 communi
1780 5165 1888 5215 nomine
1919 5167 2055 5216 vocantur
2082 5163 2201 5227 Suffenl,
2236 5161 2287 5228 qul

161 5246 167 5255 '
277 5254 326 5309 41)
346 5253 368 5302 t.
386 5250 460 5300 Petr.
479 5252 512 5316 5,
531 5255 555 5303 s.
1059 5246 1062 5251 '
1356 5241 1442 5291 stulte
1460 5249 1491 5287 rs
1509 5234 1689 5286 adnitentur.

276 5341 350 5398 aas)
368 5339 427 5387 ttoc
438 5340 511 5386 cent.
525 5339 768 5393 eneruntumtet:
788 5344 919 5393 t'lrssaur.
940 5340 1100 5405 tymooleg.
1118 5339 1235 5391 Tomtl.
1317 5324 1394 5381 l5⁰¹¹)
1411 5321 1516 5383 3⁹⁸⁰&
1532 5321 1600 5373 Ν·
1618 5319 1679 5370 ⁴⁰7·
1700 5320 1849 5387 [militm
1867 5298 2039 5387 nepetam.

312 5421 336 5468 p.
346 5409 389 5468 d.;
416 5406 644 5473 Wackernagel:
664 5410 689 5459 d.
710 5412 847 5460 Deutsctse
864 5408 1042 5461 tttreaentted
1063 5423 1089 5472 p.
1107 5406 1149 5461 ts.
1318 5407 1368 5464 51)
1387 5404 1470 5455 Prev.
1491 5406 1537 5468 18,
1558 5403 1598 5454 17.
1976 5416 1980 5425 ·

271 5494 325 5551 45)
344 5491 530 5542 Ecclesiastes
551 5496 583 5559 l,
604 5494 643 5544 15.
1318 5490 1369 5553 52)
1387 5490 1479 5542 Pereat
1496 5492 1555 5542 Set.
1573 5493 1608 5557 4,
1624 5489 1669 5542 51.
