4762 6008
177 272 269 348 ‘12³
750 262 875 336 PHIL.
906 260 1020 335 MEL.
1050 259 1253 335 SCRIPTA
1284 264 1620 346 PHILOLOGICA.
2155 295 2230 369 124

183 445 324 516 aiones.
375 437 567 515 [mundius
584 452 637 512 est
654 461 785 530 parare
803 437 981 517 amicum,
1003 457 1182 529 quamre-
1335 438 1397 511 Vs.
1421 439 1508 512 607.
1559 441 1696 536 Exigua
1726 452 1841 539 gratia
1874 466 1926 524 est
1954 454 1992 524 in
2017 459 2229 562 principio]

178 545 320 617 tinere.
372 540 516 615 Thales.
1041 637 1050 653 ι
1111 638 1119 654 .
1230 535 1272 608 ld
1295 554 1365 623 est,
1391 547 1618 616 mendacium
1640 550 1744 619 initio
1760 550 1869 625 babet
1882 556 2041 651 aliquam
2057 568 2225 655 speciem.

176 688 200 711 .-
291 646 353 718 Vs.
376 643 464 717 596.
514 644 689 715 Voluntas
709 640 890 714 fastidium
913 650 965 710 cst
994 639 1181 709 cuiuslibet
1230 640 1379 715 Plautus
1392 644 1460 740 ⁸⁸):
1503 648 1667 720 Calidum
1698 658 1925 729 mendacium
1956 665 2154 756 optimum,
2187 672 2225 744 id

183 751 245 820 ,rei
263 762 516 841 praeterquam
544 744 779 837 divitiarum]
830 742 948 812 Amici
962 765 1036 812 non
1051 742 1180 813 sinceri
1231 755 1302 830 est,
1328 770 1472 830 recens,
1508 749 1657 849 θερμὸν
1681 754 1832 852 Ψεῦδος·
1883 764 2014 839 &tund
2037 769 2106 844 tatt
2128 774 2224 864 tritt,

190 853 294 922 facile
306 851 551 930 fastidiuntur,
578 851 723 941 quando
738 871 814 917 non
830 857 914 917 sunt
929 857 1079 915 naturae
1095 869 1181 916 con·
1229 846 1263 939 fo
1290 850 1403 924 mctdt
1425 861 1537 927 motti.
2176 905 2179 910 -

190 955 380 1026 sentientes
405 951 576 1042 singulari
594 953 751 1047 quadam
773 962 924 1020 naturae
947 943 1179 1044 συμπαθείᾳ,
1333 951 1412 1024 Vsa.
1427 954 1502 1025 607
1517 982 1571 1050 sq.
1622 956 1664 1027 ln
1685 961 1755 1030 line
1771 964 1908 1036 lucrum
1933 969 2051 1065 illud]
2102 975 2142 1048 ld
2156 990 2223 1063 est,

189 1079 266 1127 non
290 1068 374 1127 sunt
396 1053 576 1125 durabiles
602 1053 792 1124 amicitiae.
1230 1056 1469 1126 commoditas
1491 1062 1680 1151 captandi,
1712 1077 1815 1159 turpe
1845 1083 1881 1140 et
1908 1074 2124 1149 damnosum
2156 1105 2221 1172 pa·

194 1214 197 1221 .
292 1158 354 1231 Vs.
372 1154 459 1231 597.
493 1155 588 1225 Volo
605 1158 760 1227 retinere
776 1153 990 1237 amicitiam,
1016 1155 1076 1224 sed
1093 1177 1179 1223 con·
1229 1157 1329 1227 riter.

188 1262 340 1335 i'erseris
366 1286 447 1332 cum
472 1257 579 1359 aliis]
639 1261 722 1333 Non
742 1258 789 1330 sit
810 1257 919 1327 nimis
939 1279 1071 1346 magua
1095 1279 1178 1326 con·
1331 1258 1410 1331 Vss.
1428 1259 1503 1331 609
1518 1287 1571 1356 sq.
1623 1262 1723 1337 Nihil
1745 1269 1834 1339 boni
1849 1285 1901 1343 est
1916 1272 2014 1362 viro,
2041 1282 2098 1352 cui
2119 1309 2219 1355 men·

189 1364 358 1458 satiatio.
418 1387 435 1426 s
627 1410 630 1416 -
1228 1361 1370 1431 dacium
1385 1371 1506 1435 comes
1520 1379 1592 1450 est,
1618 1393 1727 1460 quam
1744 1372 1902 1462 primum
1918 1377 2045 1451 exierit
2059 1386 2105 1454 ab
2125 1386 2220 1489 ore.]

289 1467 369 1542 Vss.
384 1463 513 1538 598·-
527 1465 614 1536 600.
666 1461 741 1554 Qui
760 1473 862 1531 tuam
877 1471 1034 1531 mentem
1049 1457 1178 1528 melius
1228 1461 1409 1534 Mendacii
1430 1467 1511 1539 finis
1527 1473 1781 1563 estjturpitudo
1798 1487 1834 1546 et
1848 1479 2024 1556 conlusio.

177 1574 325 1645 norint.
376 1570 459 1642 Nou
482 1568 589 1652 lates,
628 1577 787 1636 autnon
815 1564 910 1634 fallis
931 1587 1008 1645 me,
1043 1563 1176 1631 ιιάειιε
1331 1566 1410 1638 Vas.
1434 1568 1507 1640 611
1533 1597 1609 1665 sq..
1644 1573 1728 1645 Non
1756 1589 1810 1649 est
1842 1580 1986 1655 difficile
2017 1589 2218 1663 obtrectare

189 1681 227 1752 ιη
253 1679 308 1750 ιη
333 1666 568 1767 ffiqqenflcot,
602 1670 641 1735 iu
669 1668 727 1736 via
760 1667 877 1758 regia,
909 1666 1002 1747 lata,
1038 1686 1108 1757 qua
1141 1675 1177 1733 ct
1227 1665 1310 1768 eto]
1362 1670 1544 1743 Usitatum
1570 1676 1708 1748 malum
1731 1692 1784 1750 est
1807 1681 2020 1759 obtrectatio
2049 1703 2085 1761 et
2105 1695 2218 1767 male·

185 1780 287 1872 prius
311 1780 440 1870 agebas
460 1774 594 1846 scilicet
617 1763 791 1866 currum]
842 1766 883 1838 ld
903 1780 976 1851 est,
999 1790 1065 1857 ego
1090 1765 1177 1836 scie·
1226 1773 1395 1859 dicentia,
1420 1776 1504 1869 quia
1522 1802 1647 1850 omnes
1664 1806 1788 1854 sumus
1802 1793 2102 1884 naturasuperbi.
2124 1793 2216 1867 Item

185 1883 272 1952 bam
294 1894 329 1950 te
353 1904 429 1949 non
453 1901 528 1948 esse
550 1876 741 1947 sincerum.
984 1935 989 1943 .
1227 1873 1335 1943 etiam
1363 1900 1485 1948 sumus
1503 1881 1612 1965 tales,
1639 1886 1703 1977 qui
1726 1885 1879 1958 libenter
1901 1893 2213 1970 voluntiudicare.

286 1997 366 2068 Vas.
390 1996 462 2067 601
486 2019 539 2088 sq.
590 1993 722 2062 Pereas
744 1986 823 2060 Diis
843 1987 976 2069 invise,
1009 1998 1042 2054 et
1067 1984 1174 2054 iulide
1225 1974 1343 2048 Nemo
1367 1991 1440 2064 cst,
1467 1982 1622 2076 quinon
1638 1987 1685 2058 sit
1705 1987 1950 2090 Suffenus⁸’);
1976 1998 2039 2067 sed
2061 2022 2138 2069 non
2160 2001 2213 2068 vi.

187 2096 413 2181 bominibus‚
440 2098 503 2190 qui
526 2091 684 2165 habebas
714 2092 906 2184 frigidum,
938 2087 1079 2158 varium
1102 2111 1175 2157 ser·
1226 2081 1352 2153 demus
1382 2085 1560 2156 manticae
1583 2091 1682 2180 quod
1712 2090 1751 2159 in
1773 2105 1873 2187 tergo
1899 2109 1953 2168 est
1964 2096 2023 2192 ⁰‘).
2081 2102 2214 2177 Sumus

184 2215 330 2296 pentem
364 2202 402 2269 in
432 2197 598 2291 gremio]
661 2193 703 2266 ld
732 2209 806 2279 est,
840 2207 881 2264 tu
913 2189 1012 2262 suisti
1036 2191 1174 2260 fucatus
1227 2183 1360 2253 curiosi
1383 2184 1423 2253 in
1447 2187 1526 2260 aliis
1551 2189 1750 2266 iudicandis
1773 2208 1808 2266 et
1831 2203 2057 2287 accusandis,
2083 2204 2123 2274 in
2144 2230 2213 2276 no·

185 2307 341 2387 amicus,
368 2315 509 2372 tantum
528 2300 667 2383 adiisti,
697 2311 737 2369 ut
751 2297 942 2390 deciperes.
1223 2284 1279 2356 bis
1299 2286 1528 2380 negligentes.
1580 2292 1784 2370 Salomonis
1812 2297 1905 2370 dicta
1924 2304 2031 2396 longe
2058 2309 2212 2378 antecel-

286 2406 347 2476 Vs.
370 2404 457 2476 606.
508 2404 613 2474 Talia
642 2425 785 2493 semper
810 2400 982 2470 insidioso
1011 2409 1047 2465 et
1069 2397 1174 2488 perb-
1223 2389 1304 2459 lunt
1320 2390 1410 2461 aliis.
1435 2387 1552 2467 tostus
1567 2395 1606 2465 in
1624 2400 1802 2494 principio
1818 2418 2004 2477 accusator
2020 2421 2072 2480 est
2087 2410 2211 2510 suin).

183 2508 282 2579 diosa
313 2508 404 2577 sacta
437 2505 674 2598 perdiderunt
703 2503 917 2595 Magnetas]
981 2498 1172 2590 Magnetae
1221 2489 1338 2562 Nemo
1363 2504 1436 2577 est,
1462 2496 1506 2565 de
1530 2523 1603 2591 quo
1619 2524 1696 2573 non
1717 2505 1855 2600 aliquid
1870 2511 2105 2600 probabiliter
2129 2539 2211 2591 eum

183 2623 237 2687 est
257 2633 392 2693 nomen
409 2609 605 2689 multorum
628 2608 869 2701 populorum,
898 2615 934 2674 et
956 2602 1007 2671 ibi
1027 2603 1173 2672 fuerunt
1223 2593 1344 2687 aliqua
1365 2598 1482 2687 specie
1504 2599 1576 2671 dici
1594 2606 1726 2695 possit,
1770 2609 1856 2702 quia
1885 2637 2010 2687 omnes
2037 2610 2212 2689 habemus

183 2734 296 2785 venae
320 2712 539 2791 metallicae;
565 2708 901 2801 lueruntltlagnesii
921 2707 959 2775 in
974 2703 1080 2788 Asia,
1105 2707 1171 2778 uttb
1223 2696 1343 2792 aliqua
1366 2698 1453 2817 viiia
1470 2713 1504 2771 el
1528 2718 1666 2791 erratu,
1692 2708 1754 2777 illu
1777 2727 1928 2801 possunt
1950 2719 2162 2809 amplificari
2177 2731 2212 2791 et

182 2823 224 2891 ct·
244 2814 313 2907 liuh
340 2814 475 2908 ouucge
502 2813 599 2909 reidpa
615 2815 708 2888 laute
725 2814 880 2908 geurien.
931 2807 1170 2898 Praecipuum
1224 2823 1430 2892 suggestu
1457 2804 1611 2896 copiose.

180 2918 394 2990 miraculum
417 2919 591 3010 magnetis
615 2929 686 3000 est,
712 2917 810 3010 quod
832 2909 956 3002 dirigit
976 2934 1013 2981 se
1036 2912 1081 2976 ad
1108 2932 1170 2999 po·
1324 2901 1460 2977 Omnes
1485 2906 1590 2977 nobis
1619 2907 1844 2998 blandimur,
1874 2914 2120 3010 indulgemus,
2149 2944 2209 2994 su·

177 3016 410 3111 lum„babet
433 3020 684 3112 cognationem
707 3043 789 3088 eum
812 3028 915 3108 parte
937 3010 1079 3082 coelesti
1106 3035 1171 3102 po·
1221 3028 1302 3074 mus
1324 3009 1420 3076 coeci
1441 3008 1480 3077 in
1501 3010 1634 3083 nostris
1654 3011 1750 3084 vitiis
1764 3011 1983 3106 iudicandis,
2008 3021 2083 3092 imo
2097 3023 2211 3108 ,etiam

179 3125 264 3203 lari.
316 3124 474 3199 Dorumb
500 3121 607 3215 ιιιαῴι
625 3122 767 3196 moabie
784 3110 1170 3214 dompofimitffiogues
1222 3109 1374 3180 artifices
1395 3110 1434 3179 in
1451 3117 1666 3186 excusando.
1716 3114 1837 3189 David
1858 3123 1921 3194 diu
1943 3127 2085 3219 quaerit
2107 3150 2211 3200 excu-

178 3235 276 3301 teu..
321 3224 468 3295 Veteres
506 3248 621 3293 venae
650 3223 848 3293 metallicae
883 3222 1029 3291 fuerunt
1055 3220 1168 3289 multo
1220 3212 1377 3285 sationes
1399 3215 1438 3283 iu
1462 3218 1628 3306 peccatis.
1694 3217 1761 3291 Εει
1794 3223 2012 3317 impossibile
2043 3231 2210 3303 omnibus

177 3326 364 3400 uberiores
389 3337 424 3395 et
444 3325 695 3418 locupletiores
714 3349 824 3420 quam
848 3347 962 3406 nunc,
987 3322 1078 3411 sicut
1100 3321 1168 3413 syl·
1220 3310 1500 3408 sophismatibus
1514 3316 1752 3415 respondere,
1778 3322 1812 3416 [ο
1829 3329 2007 3407 {tumaci
2022 3330 2209 3426 Ῐῴιιιῦιῐιιι.

178 3455 247 3500 vae
268 3430 415 3499 fuerunt
435 3428 634 3521 pleniores,
661 3439 697 3497 ct
718 3429 864 3497 arbores
886 3423 1000 3517 magis
1023 3425 1168 3507 arduae,
1322 3433 1400 3509 Vss.
1426 3437 1500 3508 615
1519 3463 1575 3531 sq.
1626 3439 1828 3513 Multorum
1857 3460 1911 3516 est
1935 3447 2015 3520 talis
2045 3451 2211 3535 futilitas,

177 3534 297 3625 fruges
319 3532 499 3625 pleniores
517 3543 551 3600 et
575 3520 796 3623 grandiores.
854 3524 918 3597 Illa
941 3538 1103 3599 senectus
1129 3529 1168 3598 fit
1218 3551 1356 3611 utnon
1383 3540 1522 3632 possint
1547 3553 1684 3626 tacere,
1717 3548 1779 3615 sed
1810 3547 1898 3619 boni
1923 3550 2041 3625 sciunt
2065 3576 2209 3625 servare

176 3633 402 3729 languidior,
438 3637 552 3704 donec
582 3633 843 3725 exstinguatur;
878 3645 914 3702 ct
942 3654 1019 3701 non
1041 3630 1167 3742 procul
1218 3643 1380 3714 modum,

176 3732 385 3811 absumusa
414 3737 496 3806 fine.
1318 3761 1398 3834 Vss.
1414 3760 1492 3836 615
1507 3788 1561 3858 sq.
1619 3763 1809 3835 Neminem
1835 3792 1984 3860 prorsus
2012 3775 2149 3847 bonum
2172 3789 2210 3848 et

278 3856 340 3927 Vs.
364 3853 450 3928 605.
502 3853 619 3923 Multo
649 3854 770 3945 plures
799 3852 955 3946 perdidit
985 3854 1165 3937 saturitas,
1217 3867 1445 3937 moderatum
1461 3868 1580 3937 virum
1597 3869 1852 3964 sol‘adspicit.]
1902 3874 2019 3946 Nemo
2048 3891 2120 3963 est,
2144 3880 2209 3974 qui

176 3959 396 4028 abundantia
419 3982 528 4052 quam
552 3957 692 4049 fames]
753 3952 828 4031 utut
861 3953 966 4047 ιιαῴι
999 3965 1072 4030 tutat
1099 3968 1163 4026 etc.
1216 3992 1291 4038 non
1315 3967 1448 4042 babeat
1472 3971 1631 4068 aliquam
1657 3973 1787 4047 labem.
1839 3975 1924 4048 Nou
1953 3993 2006 4050 est
2032 3981 2146 4054 iustus
2168 3982 2209 4052 in

38 4152 45 4157 ι
176 4060 333 4130 Divitiae
368 4061 517 4151 pariunt
544 4057 783 4127 insolentiam.
850 4054 1054 4127 Luxtrriant
1087 4057 1163 4125 ani·
1215 4082 1331 4158 terra,
1366 4075 1431 4169 qui
1462 4087 1529 4147 etc,
1587 4073 1767 4169 Loquitur
1791 4080 1836 4147 de
1868 4082 2017 4153 diversis
2037 4083 2209 4176 lapsibus,

173 4164 226 4232 rui
252 4173 318 4233 etc.
1214 4171 1344 4260 idest,
1370 4178 1479 4246 etiam
1502 4188 1772 4270 praestanteset
1792 4181 1883 4251 bene
1904 4185 2026 4255 meriti
2049 4179 2209 4257 viri'ba·

276 4262 337 4335 Vs.
355 4262 464 4334 606..
492 4260 619 4346 Viros,
645 4259 709 4356 qui
723 4259 915 4330 voluerunt
935 4259 1014 4351 plus
1028 4253 1161 4328 habere
1212 4273 1299 4346 bent
1326 4301 1408 4349 euos
1437 4279 1571 4369 lapsus.
1636 4279 1742 4348 Plato
1758 4277 1843 4376 ⁰¹¹):
1888 4282 2005 4357 Nemo
2043 4289 2206 4362 nascitur

95 4440 99 4447 ,
173 4391 367 4464 ιιιιιιιιριο
382 4390 444 4437 sua
460 4378 568 4438 sorte.
1211 4371 1464 4476 τετράγωνος,
1499 4381 1537 4449 id
1561 4393 1631 4465 m,
1661 4384 1848 4475 Perfectus·
1908 4390 1982 4482 Qui
2005 4391 2091 4462 vitia
2113 4393 2203 4477 odit,

276 4487 354 4560 Vas.
379 4485 455 4559 607
482 4511 560 4578 sqq.
619 4479 773 4554 XXXIX.
812 4478 866 4549 De
899 4478 1160 4564 maledicentia,
1212 4475 1378 4552 homines
1401 4483 1490 4554 odit.
1539 4482 1637 4554 Vitia
1661 4486 1881 4559 scilicetnon
1896 4494 2077 4578 enormia,
2102 4517 2202 4565 com-

174 4591 371 4662 mendaciis
387 4603 421 4659 et
435 4589 615 4658 futilitate.
1844 4621 1846 4625 .

276 4695 410 4766 Contra
435 4689 494 4762 lx.
524 4701 751 4781 pracceptum
777 4684 968 4775 Decalogi,
990 4686 1052 4754 ubi
1074 4710 1159 4777 pro·

171 4794 341 4867 bibentur
378 4797 583 4889 petulanter
619 4790 806 4860 maledicta
841 4811 916 4855 non
946 4787 1158 4859 necessaria.
1244 4805 1498 4864 martanam.
1516 4810 1544 4874 o,
1563 4810 1589 4873 t,
1610 4808 1667 4860 tot.

54 4886 59 4893 ’
170 4897 334 4971 Facilitas
360 4901 477 4995 gaudet
503 4894 580 4991 aad)
606 4899 707 4988 beau.
733 4897 817 4967 beau
843 4889 883 4981 fic
910 4891 977 4982 stab
1005 4892 1160 4965 ciaoabac
1238 4909 1293 4976 aa)
1312 4909 1582 4974 cortesours,
1601 4911 1725 4964 ae-ao.
1761 4910 2202 4977 aequiconsonantiam

75 4996 81 5005 ¹
171 5007 354 5077 ttttvottbt.
406 4997 653 5094 Salomon“):
686 4995 728 5065 ln
749 4994 978 5087 multiloquio
1004 5018 1081 5063 non
1097 4997 1158 5064 de·
1278 4980 1983 5113 3ξῶᾎῶᾞῶὦὲ’ῑέὧιῖοθέῗέὲῑῖιξῐθίῗὲἶ
2003 4982 2200 5103 ι-ωθῐῖξξέιῦιιῐι

170 5106 238 5176 erit
253 5116 450 5196 peccatum.
490 5102 687 5174 Garruliet
701 5098 819 5170 futiles
836 5097 942 5165 etiam
959 5109 1042 5167 sunt
1058 5120 1158 5166 men·
1279 5116 1510 5238 ffffiffflum
1535 5116 1804 5167 nominarentur
1829 5116 1949 5183 annot,
1979 5120 2025 5184 qut
2055 5119 2140 5170 stulte
2167 5133 2200 5170 se

1245 5285 1295 5352 90)
1312 5289 1367 5339 sed
1384 5300 1440 5340 nor
1458 5311 1492 5324 -
1511 5287 1579 5348 est]
1595 5285 1638 5340 bio
1655 5290 1700 5339 est
1717 5301 1819 5341 varrus
1837 5288 1939 5342 Catulli
1955 5290 2009 5359 22,
2027 5291 2071 5346 tt.

1179 5373 1186 5518 Ι
1244 5386 1395 5456 suern.
1415 5389 1525 5454 aa,1⁷.

201 5511 253 5571 37)
270 5508 354 5562 pm,
374 5508 407 5561 1⁰
416 5543 424 5575 ,
445 5506 485 5559 1⁹.
1136 5550 1141 5558 ,
1243 5487 1315 5554 ιιι)
1333 5487 1404 5543 rtet.
1423 5489 1498 5543 Prot.
1517 5492 1603 5560 (opp.
1621 5495 1664 5550 ed.
1682 5497 1817 5562 listoph.
1836 5497 1901 5551 Μ.
1919 5509 1946 5560 p.
1958 5495 2054 5551 81110.
2071 5499 2132 5554 m
2145 5500 2200 5567 t.).

168 5211 286 5278 daces.
