4762 6008
141 337 144 341 ,
266 288 316 360 05
853 280 1720 367 Pulu.ME1.scnlr'rAPflu.01.ooch.
2256 314 2306 385 64

268 482 357 555 pore
380 453 564 527 reficiatur
581 454 757 544 collapsus
777 473 898 522 rerum
922 464 1050 522 status:
1077 453 1260 525 universa·
1312 457 1364 526 illi
1381 459 1484 530 valde
1500 464 1673 554 placebat.
1724 466 1798 536 Vos
1811 467 1935 539 itidem
1954 474 2008 541 uti
2025 496 2065 544 ea
2079 478 2220 570 saepius
2238 507 2304 574 po·

267 565 372 645 liter,
397 559 542 654 quando
558 555 667 625 semel
681 557 721 625 fit
734 554 882 644 insignis
897 556 1089 625 destructio
1111 555 1260 628 alicuius
1312 560 1429 645 testis,
1471 587 1550 635 cum
1582 569 1627 637 ad
1658 568 1812 661 aliquem
1840 571 2014 658 scribitis,
2053 602 2118 647 vos
2139 595 2302 673 expetere

269 664 392 756 regni,
416 681 603 753 nunquam
623 669 747 749 postea
771 668 1004 746 recuperatur
1022 669 1123 727 vetus
1146 658 1258 748 digni-
1312 661 1422 751 ipsius
1452 669 1702 756 praesentiam.
1768 671 1807 740 si
1829 669 1921 741 nihil
1941 677 2057 760 aliud,
2091 691 2212 753 tamen
2233 682 2303 756 hoc

271 781 335 838 tas.
379 762 470 845 -Ut,
521 760 667 854 quando
705 757 774 827 fuit
804 758 897 827 facta
932 758 1125 828 destructio
1159 760 1260 851 regni
1312 763 1405 833 tristi
1428 776 1589 858 tempore
1611 772 1776 841 benevoli
1797 773 1867 841 viri
1891 777 2029 847 vultum
2051 792 2190 854 tantum
2217 810 2302 856 con·

269 864 477 959 Aegyptiaci
492 887 555 954 per
569 861 716 941 Mosen,
742 861 840 953 quod
854 860 929 928 siue
944 860 1016 929 ulla
1037 861 1259 931 dubitatione
1313 865 1405 933 tueri
1420 868 1520 937 dulce
1536 872 1613 940 erit.
1673 871 1753 955 llle,
1785 877 1830 943 ad
1855 901 1960 969 quem
1989 881 2207 970 scribebam,
2239 892 2301 958 ad·

269 969 338 1040 fuit
353 965 514 1036 omnium
528 983 722 1052 regnorum
744 956 1043 1050 pulcherrimvn,
1073 985 1257 1055 uunquam
1311 968 1459 1036 modum
1475 971 1717 1043 delectabatur
1730 971 1797 1043 hac
1817 981 2005 1052 sententia.
2063 982 2180 1056 Hodie
2205 1003 2301 1058 octa-

270 1067 495 1162 recuperavit
515 1063 702 1154 pristinam
727 1062 948 1153 dignitatem.
999 1059 1088 1133 Item
1109 1087 1258 1154 regnum
1311 1093 1375 1138 vus
1395 1070 1469 1140 dies
1487 1085 1558 1156 est,
1581 1099 1661 1144 cum
1679 1100 1832 1147 essemus
1852 1083 1947 1172 apud
1963 1083 2162 1176 principem
2179 1083 2303 1182 Mega-⁶

269 1169 464 1263 Babylonis
493 1166 711 1235 destructum
740 1166 784 1233 ab
807 1163 1023 1234 Alexandro.
1088 1162 1177 1235 ltem
1203 1191 1258 1235 re·
1310 1168 1634 1271 lopyrgensem¹⁸),
1674 1179 1867 1250 recitabam
1896 1179 1991 1254 hunc
2021 1188 2233 1261 versiculum
2260 1195 2299 1261 j„

271 1298 380 1365 gnum
397 1267 667 1360 Hierosolymae
691 1267 908 1336 destructum
931 1261 1258 1338 aNabuchodono-
1310 1295 1450 1343 mensa:

269 1400 328 1446 sor
337 1373 384 1471 ¹¹)
393 1372 414 1456 ,'
428 1392 614 1464 nunquam
630 1379 682 1436 est
696 1368 897 1437 restitutum
920 1368 958 1435 iu
979 1368 1167 1458 pristinum
1188 1382 1257 1440 sta-
1445 1389 1558 1442 Auxilia
1577 1404 1664 1457 pivs
1681 1395 1932 1451 marcenienses
1950 1402 2068 1470 recten),

270 1492 359 1547 tum.
408 1471 460 1541 lta
475 1483 558 1543 sunt
575 1471 750 1564 quaedam
766 1469 907 1560 periodi
922 1492 1127 1560 regnorum.
1172 1468 1256 1541 ldeo
1308 1473 1372 1544 Est
1400 1500 1492 1548 unus
1520 1503 1562 1548 er
1589 1479 1710 1551 Publii
1740 1484 1873 1558 illimis.
1950 1489 2056 1560 Mimi
2086 1493 2172 1563 dicti
2203 1509 2297 1580 sunt,

269 1602 341 1670 pax
357 1575 488 1645 tuenda
509 1585 579 1655 est,
614 1584 650 1640 et
671 1573 822 1640 fovenda
847 1594 976 1661 magna
999 1573 1256 1656 moderatione,
1309 1577 1439 1668 quiin
1469 1583 1660 1654 comoediis
1689 1585 1834 1657 facetias
1860 1608 2109 1675 exercuerunt,
2149 1600 2295 1688 quarmo

270 1703 337 1748 nec
351 1679 560 1746 deberemus
575 1687 708 1743 temere
724 1695 828 1743 ruere
844 1675 889 1741 ad
906 1697 1018 1743 arma.
1308 1677 1375 1747 fuit
1397 1679 1542 1773 aliquod
1563 1686 1790 1757 intervallum
1811 1687 1849 1756 in
1870 1685 2022 1761 theatro.
2087 1693 2202 1764 Erant
2227 1699 2296 1767 ele-

372 1792 550 1886 Loquitur
569 1791 657 1859 illud
679 1790 812 1859 dictum
834 1792 877 1858 de
894 1802 1041 1871 eventu,
1067 1812 1143 1856 non
1159 1789 1256 1880 qnod
1309 1793 1431 1869 gantas
1466 1779 1629 1855 homines
1663 1799 1699 1856 et
1731 1790 1944 1880 spargebant
1976 1793 2166 1864 bellissima
2200 1797 2294 1869 dicta

271 1909 366 1966 recte
384 1909 502 1964 actum
522 1892 586 1976 sit,
611 1893 672 1962 sed
690 1892 788 1985 quod
803 1891 852 1960 ita
869 1891 1027 1961 accidere
1040 1891 1139 1960 solet.
1198 1889 1256 1958 sie
1309 1884 1558 1993 congenientia
1591 1891 1770 1974 materiis,
1818 1916 1908 1985 quae
1941 1896 2082 1965 inerant
2114 1897 2294 1982 recitatae,

271 2009 410 2091 oportet
426 1995 469 2064 iu⁴
478 1993 587 2064 sacris
599 1993 700 2063 libris
715 1994 913 2063 discernere
932 1993 1026 2061 dicta
1043 1994 1087 2060 de
1104 1993 1198 2059 lacto
1221 2003 1257 2059 et
1307 2005 1411 2074 saepe
1428 1987 1534 2055 etiam
1554 1992 1724 2061 taxabant
1742 1992 1841 2063 alios.
1893 1994 2041 2067 Publius
2064 1998 2102 2065 in
2124 2000 2206 2069 aula
2220 2000 2293 2072 Au-

268 2103 312 2171 de
340 2111 480 2168 eventu.
542 2092 582 2163 In
603 2096 699 2164 dicto
719 2096 762 2164 de
787 2108 914 2165 eventu
945 2108 997 2165 est
1013 2093 1109 2163 'tecta
1132 2094 1255 2162 admo·
1307 2086 1401 2173 gusti
1418 2087 1517 2160 vixit.
1569 2090 1658 2161 Cum
1673 2094 1782 2185 igitur
1797 2094 1983 2166 recitarem
2006 2098 2114 2173 istum
2139 2102 2292 2175 versicu-

266 2201 358 2271 nitio
373 2202 417 2268 de
434 2219 550 2269 causa.
603 2196 783 2290 Quicquid
805 2197 925 2267 multis
945 2208 1128 2288 peccatur,
1164 2195 1255 2263 mul·
1306 2186 1400 2270 lum,
1432 2189 1597 2283 princeps
1611 2191 1786 2267 lohannes
1799 2196 1965 2270 Albertus
1988 2200 2128 2271 dicebat
2150 2208 2196 2273 ad
2212 2204 2291 2273 Fri-

267 2317 345 2374 tum
363 2314 426 2372 est.
474 2298 553 2367 Hoc
570 2298 620 2367 ita
635 2299 712 2367 fieri
743 2298 922 2381 videmus,
956 2322 1031 2367 nou
1052 2297 1148 2390 quod
1173 2295 1253 2364 ideo
1307 2287 1465 2358 (leticum
1480 2291 1643 2379 Mfllzasss
1674 2311 1715 2368 ul
1736 2301 1947 2371 versiculum
1970 2317 2169 2377 annotaret·
2218 2304 2291 2375 llo·

265 2403 493 2497 probandum
508 2401 564 2470 sit.
616 2399 771 2493 Quando
790 2402 893 2470 multi
918 2401 1163 2495 deliquerunt,
1189 2398 1255 2466 dif-
1305 2389 1419 2461 mines
1434 2394 1531 2477 sani,
1557 2397 1753 2488 sapientes,
1777 2427 1851 2470 non
1866 2405 2019 2487 seroces,
2045 2430 2119 2475 non
2130 2408 2291 2491 barbari,

265 2506 356 2576 licile
376 2517 427 2573 est
442 2501 567 2596 exequi
582 2526 735 2593 poenas,
760 2515 801 2571 ut
813 2526 930 2595 poena
946 2504 992 2574 sit
1012 2502 1118 2571 nimis
1137 2522 1253 2571 saeva.
1307 2493 1430 2583 quales
1452 2509 1535 2566 sunt
1557 2500 1659 2567 multi
1681 2497 1862 2587 homines,
1896 2505 2114 2577 delectantur
2134 2509 2293 2579 conside-

267 2608 422 2702 Quando
447 2604 582 2698 aliquid
601 2605 731 2674 dicitur
753 2617 815 2674 aut
839 2609 1006 2686 docetur,
1043 2604 1253 2696 plerumque
1306 2594 1446 2664 ratione
1464 2598 1642 2671 bonarum
1658 2607 1935 2689 sententiarum,
1959 2611 2020 2677 sed
2039 2610 2151 2704 aliqui
2164 2623 2293 2701 putant

266 2709 393 2777 incidit
407 2707 446 2774 in
464 2705 634 2789 moralia,
660 2707 698 2775 in
712 2698 869 2800 aliquam
885 2706 1157 2798 descriptionem
1181 2705 1252 2772 vir-
1304 2716 1379 2765 esse
1401 2697 1568 2785 pietatem
1592 2715 1819 2772 contemnere
1844 2707 1932 2774 tales
1954 2713 2157 2780 sententias.
2213 2710 2291 2803 Ego

265 2823 382 2880 tutum
407 2807 462 2876 vel
484 2807 666 2877 vitiorum,
725 2807 906 2878 sementia
939 2809 977 2876 in
1006 2807 1170 2876 oratione
1202 2819 1253 2875 est
1304 2794 1378 2863 vidi
1399 2794 1625 2868 adLoclsam
1649 2798 1767 2877 blein
1794 2804 1922 2873 vicinia
1948 2808 2076 2877 muns
2096 2813 2290 2881 sententias

264 2910 526 3004 propemodum
550 2920 591 2977 ut
611 2907 732 2976 Maior
752 2910 791 2975 in
811 2911 1037 3000 syllogismo.
1097 2907 1251 2999 Quando
1303 2896 1451 2988 scriptas
1473 2923 1582 2970 manu
1605 2903 1704 2974 ducis
1718 2903 1909 2988 Friderici,
1938 2931 2026 2999 quas
2046 2911 2207 2979 affixerat
2227 2936 2291 3003 pa-

264 3015 318 3082 vis
341 3012 494 3081 scribere
516 3010 560 3078 ad
583 3009 843 3102 propinquum:
885 3009 1027 3101 Quaeso
1051 3009 1252 3101 suppedites
1304 2998 1451 3071 rictibus
1467 3003 1630 3076 collectas
1648 3030 1689 3075 ex
1703 3006 1803 3077 libris
1818 3005 1960 3078 Erasmi
1974 3022 2009 3079 et
2021 3011 2175 3098 aliorum
2192 3024 2257 3084 etc.

263 3109 354 3184 mihi
385 3111 515 3182 auxilia
545 3111 590 3178 ad
617 3109 753 3193 studia,
796 3123 858 3180 aut
889 3113 1033 3204 qnando
1056 3112 1180 3183 scribis
1206 3115 1251 3183 ad
1403 3103 1560 3195 Agrippa
1589 3131 1765 3179 unacum
1780 3111 1941 3200 Augusto
1968 3110 2157 3206 imperium
2174 3114 2290 3206 gessit,

263 3214 487 3309 principem
532 3226 617 3295 ωῃς
649 3223 701 3282 est
735 3212 801 3280 tibi
836 3236 925 3304 opus
959 3215 1249 3284 confirmationffl
1303 3196 1429 3273 ltabuit
1442 3230 1624 3279 morosum
1642 3210 1840 3281 dominum.
1900 3213 1993 3284 Satis
2012 3216 2079 3284 init
2099 3216 2289 3287 morosita-

265 3317 359 3409 Quia
393 3327 445 3384 est
473 3323 573 3401 grata
596 3309 674 3380 Deo
708 3312 821 3404 pietas
845 3338 1055 3385 conservare
1076 3316 1192 3385 studia
1217 3328 1252 3384 et
1304 3302 1348 3372 tis
1371 3304 1410 3372 in
1430 3309 1610 3398 Augusto,
1650 3325 1685 3381 et
1706 3312 1846 3382 etiamsi
1872 3315 1995 3385 luisset
2019 3317 2289 3407 placidissimus,

263 3442 332 3510 pro
348 3413 414 3483 hac
431 3415 562 3505 pietate
580 3411 676 3484 Deus
691 3415 844 3485 vicissim
857 3417 984 3487 tribuit
998 3417 1083 3487 totis
1107 3416 1251 3487 familiis
1298 3403 1392 3474 'Sicut
1407 3406 1513 3477 ellam
1529 3411 1616 3495 full,
1642 3425 1783 3497 lamen,
1809 3414 1950 3486 etiamsi
1964 3417 2040 3487 Sine
2055 3419 2117 3507 illa
2137 3419 2289 3511 molosi-

264 3533 300 3589 et
331 3518 415 3587 totis
448 3513 609 3605 gentibus
639 3517 818 3604 praemia,
863 3518 948 3610 quia
977 3518 1147 3610 scriptum
1181 3530 1249 3588 est:
1302 3517 1373 3574 ῑᾶῑθ
1392 3507 1532 3593 fuisset,
1568 3515 1680 3583 multa
1702 3516 1862 3585 accidere
1885 3534 2036 3609 possunt
2057 3522 2095 3587 in
2117 3520 2290 3612 imperiis,

263 3624 393 3701 Amen,
406 3615 522 3686 Amen
536 3617 615 3684 dico
631 3616 744 3700 vobis,
766 3619 829 3712 qui
845 3621 983 3690 dederit
994 3633 1118 3712 potum
1136 3644 1250 3714 aquae
1302 3602 1629 3684 ublh⁰¹1¹l¹¹0⁸¹1⁰¹¹
1644 3630 1793 3706 P⁰³⁸¹²¹lt
1815 3621 2034 3704 emutire,
2070 3621 2177 3691 eliam
2200 3623 2289 3691 aml-

262 3723 431 3812 frigidac,
465 3740 540 3786 non
560 3718 687 3808 perdet
714 3723 911 3792 mercedem
940 3722 1109 3815 suumn).
1174 3722 1250 3792 Hac
1301 3706 1442 3782 cissimi.
1510 3713 1663 3807 Optimi,
1679 3731 1715 3789 et
1746 3720 1997 3811 sapientissimi
2027 3723 2130 3794 valde
2154 3738 2288 3796 errant.

263 3821 435 3892 sententia
468 3819 545 3909 plus
573 3819 701 3890 millies
732 3821 770 3888 in
800 3823 926 3894 litteris
948 3825 1249 3897 commendaticiis
1300 3807 1383 3880 ld⁸⁰
1401 3813 1490 3883 dlxii
1504 3819 1664 3912 Agrippa
1677 3845 1715 3891 se
1733 3823 1883 3891 multum
1901 3824 2028 3894 debere
2044 3820 2126 3898 buis
2147 3839 2289 3895 senten·

263 3948 347 3993 usus
362 3946 454 4000 sum,
476 3932 510 3987 et
526 3933 732 3992 consecutus
749 3947 828 3994 sum
843 3925 950 3996 etiam
962 3929 1055 3998 ultra
1073 3929 1169 3997 mine
1184 3928 1250 3997 flo.
1300 3913 1387 3982 tiae:
1433 3914 1631 3991 Concordia
1656 3946 1787 4014 parvae
1808 3946 1866 3995 res
1880 3926 2070 4011 crescunt,
2109 3926 2287 3997 discordia

262 4046 370 4093 renos
395 4018 463 4090 hac
485 4021 561 4108 ipsa
588 4023 761 4088 sententia
780 4016 996 4114 pauperibus
1019 4024 1247 4097 scholasticis.
1301 4014 1519 4091 dilabuntur,

262 4126 347 4196 Fuit
360 4123 464 4190 valde
478 4122 572 4191 bona
589 4122 783 4201 sententia;
806 4125 914 4192 etiam
930 4148 997 4195 nos
1013 4127 1166 4198 multum
1189 4131 1247 4197 de·
1400 4115 1463 4187 illa
1494 4122 1647 4191 mullum
1673 4139 1822 4214 possunt
1852 4127 2011 4197 accidere
2045 4129 2083 4197 in
2116 4129 2286 4219 imperiis.

261 4228 388 4295 bemus
402 4224 460 4293 isti
475 4222 690 4305 sententiae,
715 4236 749 4290 et
769 4236 821 4293 est
838 4249 921 4295 vera
940 4229 1134 4312 sententia,
1164 4224 1256 4322 quia'
1298 4214 1397 4307 Papa
1412 4219 1544 4289 Paulus
1560 4223 1816 4318 P1'⁰¹l¹¹¹¹1⁸¹⁰)2
1843 4253 1948 4322 quem
1965 4229 2074 4297 ellam
2097 4254 2285 4320 P0⁵⁸¹1¹¹111⁸

261 4327 359 4396 Deus
376 4328 438 4394 dat
456 4323 568 4393 multa
584 4323 678 4393 bona
695 4348 761 4417 pro
779 4326 908 4398 talibus
922 4329 1060 4401 officiis.
1300 4338 1536 4387 annumerare
1559 4323 1797 4411 sapientibus,
1822 4330 1947 4400 solitus
1964 4324 2159 4399 esthabere
2172 4331 2211 4398 in
2226 4356 2287 4403 cu-

365 4442 455 4512 Cum
470 4438 538 4511 boc
553 4465 650 4510 anno
663 4443 779 4512 bonus
796 4456 830 4513 et
844 4447 986 4539 sapiens
1001 4445 1112 4517 bomo
1132 4449 1247 4520 venis-
1297 4416 1416 4534 bl⁶‚¹²l⁰,
1433 4443 1497 4488 ⁵¹¹⁰
1515 4444 1589 4491 ⁰⁰¹¹
1606 4423 1854 4515 Breviarium,
1879 4431 1931 4513 illl
1947 4430 2113 4525 diffiniit
2138 4434 2200 4500 ⁵⁸¹¹
2222 4428 2286 4531 ΙΨ·

262 4560 316 4617 set
333 4547 379 4614 ad
395 4568 481 4625 nos,
504 4542 700 4613 scribebam
714 4545 819 4615 fuisse
833 4544 925 4616 mibi
939 4563 1078 4641 gratum
1092 4563 1172 4649 tam
1185 4553 1247 4622 tri·
1297 4515 1377 4589 hm
1405 4544 1574 4614 mgnum
1605 4529 1764 4648 c⁰dlceru
1788 4531 1956 4614 Homeri,
1994 4530 2197 4650 {florentiae
2227 4557 2286 4603 ex.
2353 4626 2356 4633 Ι

262 4647 308 4717 ,fi
338 4661 498 4738 tempore
525 4658 753 4737 conspectum
789 4649 917 4739 optimi
949 4652 1035 4736 viri,
1070 4679 1149 4724 tum
1174 4679 1245 4748 quo
1297 4644 1477 4739 pressum,
1503 4638 1539 4694 et
1556 4632 1698 4721 quando
1712 4633 1782 4702 lust
1796 4647 1936 4705 tantum
1954 4634 2037 4725 otis,
2062 4645 2158 4727 stetit
2173 4647 2207 4702 et
2217 4638 2287 4709 ‚ad-

262 4761 345 4818 ante
362 4762 397 4818 et
412 4770 516 4839 saepe
531 4769 641 4816 essem
664 4749 776 4817 multa
798 4750 956 4836 locutus,
989 4754 1079 4824 sicut
1100 4756 1244 4826 dicitur:
1297 4738 1533 4815 8Ρωυῑΰῦὃῑῃ
1549 4743 1657 4824 alque
1673 4734 1822 4823 alteram.
1838 4736 2033 4828 pagellam,
2060 4747 2096 4803 ‘l
2116 4734 2287 4827 ⁶⁰ssllssvil

262 4852 327 4930 nte
341 4850 492 4943 ὄμματα
506 4844 618 4920 εὔνου
640 4845 962 4948 φωτὸςεῑςβιέψαι
978 4850 1173 4955 γχυκύιε),
1208 4858 1243 4927 qd
1298 4824 1430 4919 aliquid
1448 4836 1790 4907 commonefactione
1809 4862 1973 4907 versuum
1991 4837 2173 4909 excitatus.

262 4963 326 5033 est,
351 4949 484 5022 Intueri
499 4950 637 5021 vultum
655 4951 824 5041 sapientis
839 4956 944 5024 amici
958 4969 1011 5029 est
1024 4959 1136 5030 derlee.
1168 4958 1246 5030 Hoc
1296 4980 1500 4998 ······-···-·

263 5102 467 5116 ......-.
1332 5071 1378 5137 u)
1399 5077 1464 5128 soll.
1489 5078 1722 5158 epudllobennem
1739 5084 1899 5149 elbertum,
1931 5086 2120 5137 marchionem
2143 5086 2286 5137 menden-

296 5175 410 5306 llpezpp
421 5178 554 5295 Lssept
566 5181 649 5243 vulg.
668 5183 788 5232 scribunt
800 5185 1057 5254 ueeucstnezsrts,
1076 5189 1243 5252 meytontse
1331 5147 1472 5287 ,53⁰3ss
1483 5147 1676 5296 033113ῐέἳέ
1693 5153 1885 5289 miniatii„
1910 5226 1961 5288 pa,
1979 5236 2083 5289 nium
2107 5222 2176 5301 (tan
2200 5251 2287 5302 supro

299 5341 345 5408 η)
363 5276 458 5395 Mat’th·
476 5345 517 5407 ¹⁰,
535 5282 578 5396 λ’.
613 5346 727 5398 mm
754 5353 786 5401 ss
1364 5309 1391 5356 p.
1405 5297 1447 5344 eo.
1464 5299 1532 5346 noto
1548 5300 1573 5348 4.
1592 5301 1718 5398 lentate)
1737 5318 1764 5357 v.
1779 5307 1824 5361 os.
1842 5308 1884 5357 sto
1900 5307 2019 5371 legltnt:

729 5383 737 5412 ν
790 5389 796 5402 ·
978 5398 984 5403 -
1395 5379 1507 5429 snxlllr
1523 5382 1651 5451 tomum,
1676 5387 1755 5438 erus
1771 5396 1928 5442 consensus
1944 5389 2019 5443 solt.

299 5446 347 5505 ¹³)
365 5447 423 5497 lloo
440 5451 484 5496 est
501 5448 601 5499 dictum
619 5448 712 5511 uurip.
731 5450 786 5502 lon.
800 5454 859 5508 m.
1331 5463 1379 5532 ιο)
1395 5465 1499 5519 paulu.
1515 5467 1561 5521 ιιι,
1579 5469 1654 5535 pq„
1671 5456 1781 5540 1534...
1789 5474 1864 5525 tm.
1889 5508 1902 5517 ,,
1945 5482 1974 5545 ·“
2041 5508 2044 5512 Α
