4762 6008
95 256 143 325 98
475 249 660 322 nxxvtll.
712 248 1002 322 EXPLICATIO
1037 249 1418 327 SENTENTIARUM
1451 252 1756 326 THEOGNIDIS.
2080 254 2130 327 94

93 439 146 495 tes
161 425 333 516 gloriam,
359 448 475 517 neque
491 425 621 493 tacebis
639 419 773 494 babens
796 422 999 492 immortale
1023 446 1088 491 no·

91 551 196 610 men,
223 527 318 595 inter
333 521 497 595 homines
512 550 656 596 versans
674 551 737 618 per
754 539 867 595 totam
884 524 1087 609 Graeciam,

93 643 127 698 et
144 630 280 698 insulas
302 629 496 710 transiens,
523 628 702 699 traiiciens
726 652 832 719 super
854 652 954 698 mare
973 627 1087 718 pisco-

91 756 190 813 sum,
215 731 353 813 sterile,
378 731 534 800 insidens
549 755 624 799 non
639 731 676 798 in
694 743 794 822 tergo
809 733 904 822 equi,
929 731 989 799 sed
1005 728 1087 798 mit·

88 846 168 903 'tent
184 833 230 900 ad
245 845 280 902 te
296 828 444 902 honesta
461 829 590 930 dona]
617 834 679 908 Cu
695 833 757 924 liet
780 831 854 924 eust
874 837 996 906 melnen
1016 851 1086 905 bet:

90 935 163 1026 len,
190 932 273 1027 uidit
286 934 361 1027 suff
372 940 427 1009 ben
442 932 593 1028 pfetbeu,
620 949 808 1028 quaesunt
824 930 994 1004 coronata
1011 934 1086 1003 vio-

91 1038 147 1108 lis.
198 1037 256 1106 Tu
275 1038 451 1131 equitabis
466 1039 506 1106 in
521 1037 610 1107 meis
625 1038 855 1107 carminibus.

1140 427 1301 517 plebeia,
1327 426 1459 518 ubique
1474 439 1526 495 est
1549 425 1662 495 invisa
1687 426 1810 507 simul,
1844 425 2044 518 ubicunque
2066 438 2129 494 est.

1139 528 1247 598 Forte
1265 528 1332 596 alia
1350 524 1556 598 bominibus
1571 527 1632 597 Dii
1647 541 1823 598 senectam
1843 527 2079 618 perniciosam
2095 540 2129 595 et

1139 630 1360 700 iuventutem
1377 631 1563 702 dederunt.
1595 631 1702 701 Multi
1717 631 1824 700 etiam
1841 642 1989 721 peccant
2003 640 2128 709 aetate,

1138 748 1298 804 senectus
1319 747 1371 804 est
1394 735 1508 816 mala,
1548 733 1712 806 iuventus
1736 746 1789 804 est
1810 733 1923 815 mala,
1959 732 2020 801 sed
2042 752 2128 820 pau·

1138 849 1256 926 pertas
1274 838 1434 906 omnium
1459 859 1578 905 rerum
1597 837 1808 928 pessimum,
1841 834 1947 904 etiam
1973 831 2128 902 deterius

1137 951 1254 1008 morte
1269 952 1304 1007 et
1319 939 1484 1008 omnibus
1498 939 1646 1008 morbis.

1239 1057 1298 1126 Vs.
1315 1052 1403 1130 275.
1442 1057 1637 1148 Postquam
1657 1079 1787 1145 pueros
1810 1054 1959 1136 alueris,
1992 1066 2028 1121 et
2050 1053 2126 1122 ido·

191 1153 269 1225 Vss.
284 1152 357 1228 251
377 1181 430 1248 sq.
458 1154 635 1225 Omnibus
652 1156 760 1238 enim,
790 1156 922 1248 quibus
941 1177 1085 1223 carmen
1138 1182 1224 1241 nea,
1250 1158 1487 1249 opportunia,
1513 1160 1701 1226 commoda
1718 1156 1935 1247 praebueris.

91 1278 196 1325 curae
212 1268 286 1338 est,
314 1259 359 1325 ad
375 1269 536 1347 posteros
553 1257 621 1326 eris
635 1258 761 1340 simul,
786 1260 900 1326 donec
918 1269 970 1326 est
989 1268 1083 1326 terra

1239 1256 1401 1357 ἄρμενα]
1428 1260 1541 1342 idest,
1568 1260 1803 1329 instrumenta
1820 1259 2021 1339 commoda,
2043 1256 2125 1325 inde

89 1370 125 1426 et
140 1354 226 1453 sol]
252 1357 439 1427 Promittit
454 1359 520 1428 sibi
536 1360 620 1429 satis
635 1360 779 1451 longam
803 1358 1016 1427 memoriam
1039 1359 1084 1425 ad
1138 1361 1234 1431 venit
1251 1358 1440 1431 harmonia
1456 1375 1492 1431 et
1507 1385 1619 1431 arma.

86 1460 349 1548 posteritatem.

192 1575 252 1646 Vs.
275 1574 361 1650 258.
404 1575 481 1668 Ego
511 1601 529 1646 a
560 1591 594 1648 te
617 1604 817 1673 consequor
843 1579 1005 1668 exiguam
1029 1602 1084 1646 re-

1237 1481 1314 1555 Vss.
1335 1483 1412 1556 277
1427 1507 1479 1575 sq.
1506 1481 1646 1549 Tamen
1660 1489 1798 1570 patrem
1824 1480 1977 1547 oderunt
1992 1492 2027 1547 et
2048 1503 2124 1551 exe·

1136 1596 1301 1669 orantur,
1336 1597 1376 1653 ut
1400 1596 1541 1677 pereat,
1574 1595 1609 1651 et
1633 1585 1787 1650 oderunt
1810 1582 1900 1650 sicut
1920 1580 2124 1650 mendicum
2241 1599 2253 1619 ⁹

87 1675 319 1776 verendam]
362 1680 442 1754 bos
469 1679 572 1771 giblin
599 1682 664 1754 mit
696 1704 735 1776 311
766 1684 862 1776 luipo,
907 1684 950 1757 bu
981 1680 1084 1775 [melli
1134 1683 1369 1784 venientem]
1395 1684 1617 1777 Ingratitudo
1642 1685 1819 1752 malorum
1843 1706 1924 1774 erga
1948 1694 2124 1776 parentes.

90 1776 266 1876 suffusa.

190 1899 250 1971 vs.
266 1897 354 1975 254.
381 1899 450 1971 Sed
464 1900 554 1971 sicut
569 1925 721 1992 parvum
739 1924 888 1991 puerum
915 1897 1080 1998 decipis]

88 2002 150 2076 tua
166 2002 247 2093 gibt
261 2006 325 2078 mit
340 2012 444 2092 mett.
471 2017 506 2072 et
520 2029 577 2071 me
595 2002 727 2095 decipis
752 2016 893 2084 tamen,
926 2008 969 2078 διε
995 2004 1081 2097 [pbk

88 2103 146 2194 test
175 2107 260 2179 metu
282 2105 460 2201 atticano.
527 2107 606 2181 ittet
636 2108 729 2179 etum
751 2123 817 2180 oon
839 2108 956 2197 golgus
982 2104 1080 2199 bittit,

86 2202 178 2300 bittit
193 2207 229 2300 iu
244 2208 345 2282 miter
363 2212 480 2282 boton.

187 2326 265 2400 Vss.
279 2323 356 2402 257
373 2353 425 2421 sq.
457 2325 533 2414 Ego
551 2347 629 2392 sum
644 2319 793 2413 pulchra
809 2348 899 2418 equa
915 2338 950 2393 et
970 2337 1081 2394 certa·

84 2427 173 2511 trix,
195 2432 256 2499 sed
270 2429 463 2519 pessimum
479 2427 597 2491 virum
613 2419 721 2516 fero]
743 2423 972 2493 Considerate
987 2450 1081 2493 rem-

84 2530 266 2621 publicam
293 2527 464 2618 aliquam.
522 2522 874 2612 Respublicabttica
899 2536 950 2592 est
975 2548 1079 2617 equa,

1136 1787 1250 1858 Malus
1263 1812 1339 1857 non
1354 1801 1448 1857 recte
1463 1787 1594 1857 iudicat
1612 1786 1715 1856 iusta.

1235 1907 1295 1977 Vs.
1312 1907 1400 1981 279.
1443 1905 1729 1976 Consentaneum
1763 1917 1815 1974 est
1846 1903 1978 1971 malum
2004 1902 2122 1971 virum

1132 2009 1224 2077 male
1246 2011 1403 2079 iudicare
1426 2004 1550 2105 iusta]
1585 2007 1745 2078 Nemesis
1771 2019 1823 2076 est
1845 2003 2043 2096 indignatio
2069 2005 2122 2074 di-

1132 2112 1214 2181 vina
1233 2114 1383 2204 puniens
1397 2112 1532 2181 atrocia
1547 2110 1685 2179 delicta.

1233 2232 1294 2304 Vs.
1310 2234 1398 2307 280.
1424 2231 1568 2303 Nullam
1585 2252 1741 2322 poenam
1765 2226 1923 2296 timentis
1932 2222 1962 2323 ,]
1998 2226 2034 2294 id
2058 2239 2121 2308 est,

1131 2359 1205 2401 non
1226 2337 1355 2406 timens
1370 2335 1509 2418 Deum,
1542 2359 1615 2401 non
1639 2333 1772 2400 iudicat
1794 2341 1899 2398 recte.
1952 2321 2121 2399 Μάταιοι

1130 2430 1272 2525 μᾶταια
1289 2435 1498 2536 λογίζονται
1514 2431 1565 2507 tlt'
1584 2430 1796 2526 ἐπιθυμίας.
1845 2430 2010 2513 Catilina,
2038 2429 2120 2500 Cas·

1131 2536 1203 2603 sius
1219 2537 1345 2603 volunt
1361 2538 1469 2626 potiri
1487 2539 1657 2627 imperio,
1683 2549 1716 2602 et
1738 2545 1915 2603 conantur
1934 2556 1990 2602 res
2011 2528 2119 2622 supra

81 2643 120 2699 et
144 2631 215 2697 tert
234 2627 468 2698 Alcibiadem.
527 2622 682 2692 Ecclesia
702 2624 772 2691 sert
794 2623 948 2708 Arium,
981 2623 1079 2694 fovet
1130 2637 1337 2718 suasum,
1362 2641 1651 2708 etexcutiuntur,

80 2730 221 2824 pullos,
247 2730 407 2823 quisunt
423 2724 529 2796 exitio
545 2725 672 2806 matri,
708 2724 799 2793 sicut
822 2727 935 2795 estin
961 2751 1077 2795 exem-

80 2833 145 2924 plo
163 2833 206 2900 de
223 2826 438 2922 hypolaide,
464 2850 525 2897 seu
542 2848 690 2896 curruca
706 2839 741 2893 et
755 2828 891 2897 cuculo.

184 2947 500 3024 Vsum-260.
526 2946 604 3014 Hoc
621 2958 673 3015 est
689 2942 781 3013 mihi
796 2946 1075 3032 acerbissimum,

83 3051 327 3132 dolorilieum;
362 3075 467 3142 saepe
498 3048 596 3119 volui
624 3049 744 3137 frigere
766 3072 898 3137 rupens
922 3050 1075 3132 frenum,
1126 3083 1246 3172 pomp&

82 3156 262 3224 excutiens
283 3154 416 3224 malum
433 3146 741 3247 gubernatorem]
766 3151 992 3242 Calmeiutss.
1019 3154 1074 3226 old

82 3253 134 3346 set)
149 3264 183 3330 οδ
199 3258 283 3349 uidpt
297 3260 405 3348 gon&
430 3257 491 3325 sed
507 3254 612 3322 affert
627 3252 731 3320 aliam
751 3253 904 3342 speciem
927 3253 1074 3343 ingrati-

77 3357 227 3433 tudinis.
279 3359 342 3453 Stet)
355 3359 432 3452 geue
447 3356 520 3449 ruff
534 3358 582 3430 bie
600 3352 800 3448 Nutldofft,
828 3354 903 3446 totle
918 3357 997 3450 mid)
1011 3358 1074 3429 atet

84 3458 205 3550 follem
231 3462 281 3534 ein
299 3468 399 3536 cubet
414 3460 528 3534 ttindt
544 3462 602 3538 beo
616 3456 714 3531 blein
729 3464 806 3532 ms.

180 3577 257 3650 Vsa.
266 3580 337 3652 261
350 3605 403 3675 sq.
428 3578 512 3651 Non
522 3574 609 3647 mihi
617 3577 753 3647 bibitur
768 3576 893 3646 vinum
913 3579 1009 3667 apud
1021 3589 1072 3645 te-

80 3705 206 3750 neram
229 3684 405 3772 puellam,
440 3682 500 3751 sed
528 3681 617 3750 alius
640 3679 696 3748 vir
717 3679 854 3748 obtinet
879 3681 993 3748 multo
1015 3703 1072 3747 me

80 3784 244 3851 inferior.

68 3876 77 3889 ’
182 3882 245 3951 Vs.
262 3878 355 3954 268.
389 3882 593 3972 Frigidum,
632 3881 669 3949 id
700 3892 770 3960 est,
812 3902 944 3970 aquam
976 3878 1070 3966 apud

72 3982 176 4056 hanc
191 3981 319 4051 bibunt
334 3977 431 4050 chari
447 3995 611 4070 parentes
622 3977 653 4073 ‚]
670 3980 711 4068 fit
727 3981 824 4071 geben
839 3980 959 4052 attinet
973 3975 1071 4051 litut:

23 4165 26 4169 ,
77 4098 129 4162 tet
148 4083 377 4159 tintuttuud.
435 4080 553 4149 Attica
575 4081 671 4148 favet
685 4079 880 4163 Alcibiadi,
908 4104 981 4149 non
997 4079 1070 4175 Ly.

77 4191 176 4270 ciae,
208 4184 308 4254 vadit
329 4196 521 4278 aquatum,
555 4192 589 4249 et
603 4204 661 4249 me
678 4181 746 4250 lert
762 4194 895 4252 tamen.

183 4286 261 4357 Vss.
278 4284 354 4360 265
370 4312 422 4379 sq.
449 4284 651 4373 Utrumque
660 4282 818 4352 osculum
835 4279 971 4380 rapio,]
990 4284 1049 4358 θα

1231 2754 1291 2825 Vs.
1320 2755 1407 2828 281.
1470 2756 1567 2822 Malo
1603 2758 1701 2823 adest
1733 2780 1891 2837 sumere,
1934 2751 2118 2823 instituere

1128 2857 1240 2927 multa
1255 2851 1510 2952 impossibilia]
1535 2858 1582 2930 bie
1599 2876 1632 2928 et
1649 2854 1733 2944 uictu
1748 2857 1873 2946 bisons
1887 2853 1982 2945 steen
1997 2855 2093 2926 toan.

1230 2975 1290 3046 Vs.
1311 2976 1399 3049 282.
1435 2973 1550 3044 Obvia
1575 2976 1620 3042 ad
1647 2976 1753 3064 pedes
1763 2968 1793 3069 ,]
1823 2980 1897 3045 mad
1919 2973 2020 3045 ciuem
2044 2989 2117 3043 v0t=

1229 3180 1362 3248 Putare
1391 3190 1508 3246 autem
1541 3178 1640 3246 adest
1669 3176 1722 3256 ei,
1764 3178 1859 3269 quod
1885 3174 2005 3243 omnia
2031 3174 2116 3243 velit

1126 3278 1273 3377 pulchre
1306 3274 1500 3374 collocare]
1535 3278 1657 3348 Cassio
1683 3281 1782 3347 adest
1803 3272 2000 3367 provehere
2022 3301 2116 3344 rem-

1126 3385 1326 3479 publicam,
1351 3383 1595 3452 etinterlicere
1611 3381 1817 3459 Caesarem3
1851 3381 1913 3449 sed
1938 3402 2012 3447 non
2036 3400 2125 3469 per·⁴

1126 3490 1207 3559 licit.

1226 3605 1303 3675 Vss.
1317 3604 1395 3678 288
1412 3628 1489 3696 sqq.
1517 3602 1591 3672 XX.
1618 3599 1673 3668 De
1690 3599 1960 3669 obtrectatione.

1225 3719 1344 3786 Etiam
1374 3743 1454 3786 cum
1484 3717 1677 3785 rectissima
1707 3717 1831 3799 facies,
1867 3727 1986 3784 tamen
2009 3727 2113 3783 emant

1125 3819 1353 3889 calamitates.

1225 3935 1302 4007 Vss.
1324 3931 1554 4007 288-286.
1585 3932 1730 4003 Nemini
1756 3933 1887 4002 civium
1918 3934 2111 4017 confidens,

1122 4041 1242 4132 profer
1262 4039 1408 4129 pedem,
1441 4059 1556 4127 neque
1584 4036 1741 4105 confidas
1764 4035 2017 4119 iureiurando,
2049 4059 2110 4105 ne-

1122 4167 1190 4237 que
1208 4153 1333 4234 pacto,
1356 4162 1472 4231 neque
1489 4137 1519 4207 si
1534 4138 1618 4206 velit
1632 4138 1804 4229 praebere
1828 4161 2037 4229 sponsorem
2054 4134 2110 4207 lo·

1051 4292 1069 4357 5
1121 4270 1200 4315 vem
1224 4267 1342 4333 regem
1368 4239 1585 4323 maximum,
1620 4235 1893 4336 immortalem]
1928 4237 2109 4310 lurameu·

1120 4362 1194 4417 tum
1211 4358 1264 4416 est
1279 4342 1459 4413 invocatio
1476 4339 1562 4423 Dei,
1589 4354 1629 4409 ut
1647 4342 1721 4431 ipse
1736 4341 1781 4411 sit
1796 4342 1914 4427 testis,
1950 4353 1984 4411 et
2005 4341 2109 4432 puni·
2232 4402 2235 4407 .

94 4391 256 4487 tdpettoot
282 4395 408 4464 bosom
431 4388 531 4480 trieg.
581 4382 771 4465 Fremens,
798 4385 952 4454 mediam
970 4387 1068 4477 puel-

76 4493 151 4563 lam
168 4492 345 4584 arripiens
361 4488 498 4571 cubito,
523 4486 663 4557 osculor
678 4486 799 4556 medio
818 4487 929 4572 collo,
956 4500 991 4556 et
1007 4488 1067 4557 illa

76 4595 213 4691 aliquid
226 4608 389 4666 tenerum
407 4590 480 4662 edit
493 4615 535 4660 ex
552 4585 648 4686 ore,]
674 4589 729 4681 leli
743 4587 821 4681 mid)
834 4591 954 4683 geben,
980 4590 1068 4684 spuit
1326 4666 1334 4681 Ι

69 4701 209 4774 munet.
1116 4692 1221 4761 agere
1241 4666 1402 4736 fideliter.

181 4798 329 4873 vsaot.
364 4796 418 4868 Sit
431 4794 498 4865 tibi
512 4803 599 4863 nota
616 4814 835 4888 quamquam
851 4792 964 4860 aliena
976 4789 1007 4890 ‚]
1028 4792 1065 4861 id
1217 4785 1276 4855 Vs.
1295 4784 1385 4858 287.
1428 4780 1468 4851 In
1491 4781 1631 4850 civitate
1658 4785 1746 4849 adeo
1769 4780 1818 4850 sic
1843 4776 2103 4860 obtrectatrice,

70 4912 149 4983 est,
191 4900 330 4969 nonsit
351 4913 411 4969 tua
436 4908 648 4990 paupertas,
688 4895 751 4965 sed
771 4906 891 4964 tamen
914 4894 1001 4965 scias
1025 4895 1063 4964 in
1115 4886 1307 4969 maledica,
1332 4889 1448 4977 placet
1460 4880 1583 4981 nihil]
1606 4881 1729 4975 Aliqui
1745 4890 1938 4972 pascuntur
1950 4877 2103 4961 fabellis,

72 5026 224 5097 genere,
251 5002 361 5095 qualis
376 5003 439 5079 sit;
474 5001 563 5070 vites
586 5022 684 5078 eam,
719 4995 804 5091 quia
829 5019 966 5088 pauper
985 4997 1063 5067 nbi·
1115 5003 1155 5060 ut
1170 4985 1261 5058 nibil
1274 4989 1319 5058 sit
1332 4988 1469 5059 dulcius
1485 5010 1593 5079 qnam
1608 4983 1792 5074 impertire
1810 4979 1961 5049 fabellas
1979 4981 2024 5048 de
2035 5003 2102 5053 ¹ne·

71 5130 143 5201 que
157 5106 261 5177 iacet.
291 5101 469 5196 Loquitur
483 5105 526 5171 de
543 5105 649 5183 lacto,
674 5100 807 5168 nonde
824 5098 913 5169 iure.
1114 5092 1219 5182 gotiis
1231 5090 1395 5161 aliorum.
1429 5087 1559 5158 Omnia
1576 5085 1753 5165 iudicant,
1779 5092 1890 5173 agunt
1904 5105 2101 5164 censuram,

173 5201 497 5279 assessu-274.
523 5203 606 5274 Non
624 5201 776 5269 venitin
799 5199 930 5269 iudicia
948 5223 1062 5292 neque
1112 5195 1198 5264 loris
1212 5194 1375 5285 sapiunt,
1402 5189 1501 5258 domi
1515 5183 1604 5256 nihil
1618 5186 1773 5276 sapiunt.
1820 5178 2101 5277 Mathesiusfogt

65 5313 200 5382 lorum.
261 5308 405 5401 Ubique
426 5303 534 5374 habet
556 5304 730 5386 deterius,
770 5300 901 5395 ubique
926 5313 977 5372 est
998 5302 1059 5371 ab·
1111 5316 1177 5370 tou
1202 5296 1307 5387 leiutu
1329 5293 1547 5384 uergentes,
1590 5288 1669 5359 illus
1698 5311 1771 5358 esse
1802 5285 1934 5358 similes
1966 5278 2099 5368 Midae,

65 5416 182 5497 iecta,
214 5436 290 5480 non
312 5422 365 5480 est
387 5408 577 5491 excellens,
621 5403 769 5488 eximia,
809 5416 862 5475 est
891 5404 1057 5495 vulgaris,
1110 5399 1193 5491 quia
1210 5397 1327 5466 Midas
1341 5394 1410 5465 luit
1424 5416 1485 5461 rex
1503 5390 1710 5462 metallicus.
1762 5386 1802 5457 ln
1818 5387 1930 5481 Libya
1954 5388 2097 5456 luerunt

1119 4464 1176 4520 tor
1192 4474 1254 4521 seu
1266 4446 1416 4527 vindex,
1441 4443 1472 4514 si
1487 4443 1655 4514 fallimus.

1218 4565 1278 4637 Vs.
1295 4562 1383 4638 286.
1410 4561 1543 4633 Volens
1567 4558 1720 4659 ponere]
1748 4562 1785 4631 id
1802 4575 1873 4645 est,
1901 4562 1996 4654 quod
2020 4557 2105 4629 velit
