4762 6008
623 212 733 339 reu
794 262 1078 338 maranno
1112 262 1475 353 counanunuu
1509 261 1750 337 reanum

583 496 956 612 nnaaaarro'
988 531 1449 611 cononnmaun
1484 531 1785 611 rnnnnru

760 668 987 730 PHILIPPO
1017 665 1353 729 MELANTHONE
1378 664 1626 729 AUCTORE.

905 872 950 943 A.
1000 865 1470 966 Prolegomena¹).

506 1036 569 1107 De
594 1037 845 1110 comoedia.

281 1173 478 1245 Comoedia
495 1184 547 1243 est
562 1173 738 1265 poematis
752 1185 878 1243 notum
894 1196 1027 1263 genus„
1041 1173 1079 1241 in
1095 1196 1168 1266 quo

174 1276 329 1348 humiles
353 1277 429 1345 fere
455 1298 630 1366 personae
652 1275 949 1359 introducuntur,
991 1274 1056 1345 etsi
1075 1274 1170 1343 'anti-

176 1403 249 1473 qua
267 1377 453 1448 comoedia
472 1378 616 1468 grandis
632 1389 668 1446 et
683 1378 840 1466 elegans,
866 1388 903 1445 et
916 1389 1064 1447 venusta
1081 1388 1169 1447 erat.

174 1481 243 1550 Vel
266 1480 454 1551 comoedia
489 1492 542 1549 est
568 1478 731 1570 privatae
771 1477 956 1572 civilisque
1000 1480 1166 1549 fortunae

176 1583 252 1653 sine
267 1582 363 1653 vitae
379 1579 539 1673 periculo
567 1575 858 1671 comprehensim
894 1581 950 1648 vel
973 1593 1026 1650 est
1046 1602 1169 1670 specu-

175 1686 251 1759 lum
268 1682 556 1764 consuetudinis,
583 1682 738 1751 imitatio
754 1681 870 1762 vitae,
895 1681 1016 1772 imago
1039 1681 1170 1755 verita·

178 1786 234 1855 tis.
286 1785 391 1853 Dicta
410 1785 468 1853 vel
484 1779 559 1856 aiud
575 1790 655 1858 τῶν
669 1788 827 1876 κωμῶν,
851 1778 920 1852 hoc
937 1796 1008 1867 est,
1033 1807 1053 1851 a
1069 1783 1169 1866 vicis,

179 1887 237 1956 vel
262 1882 336 1958 ἀπὸ
367 1890 437 1957 τοῦ
466 1879 620 1978 cmpos),
658 1882 727 1955 hoc
748 1896 819 1967 est,
858 1908 877 1953 a
909 1884 1171 1956 comessatione

181 1999 244 2057 aut
261 1987 358 2081 quod
377 1986 495 2056 somni
513 1998 676 2077 tempore
692 1986 746 2079 (id
764 1986 859 2054 enim
874 1982 918 2057 τὸ
932 1992 1044 2079 κῶμα
1062 1986 1171 2076 signi-

179 2089 279 2185 ficat)
296 2101 463 2158 canentes
479 2087 632 2158 divitum
649 2087 800 2159 iniurias
815 2101 1070 2158 memorarent.

178 2291 243 2362 De
270 2293 637 2372 comoediarum,
679 2304 961 2383 satyrarum,
1001 2314 1050 2360 ac
1075 2304 1171 2361 tra-

305 2391 569 2482 goediarum
596 2391 716 2460 serie
744 2405 786 2458 et
812 2391 1057 2480 principio.

289 2525 454 2594 Alienum
486 2546 562 2592 non
600 2524 689 2605 erit,
729 2546 845 2617 neque
875 2533 1017 2612 praeter
1059 2521 1171 2590 animi

183 2626 300 2698 nostri
315 2625 549 2708 sententiam,
576 2623 859 2707 comoediarum,
884 2635 1171 2716 satyrarnmque,

184 2743 293 2822 atque
324 2727 590 2817 tragoediarum
623 2727 751 2796 seriem
782 2740 816 2794 et
844 2724 1061 2816 principium
1091 2726 1171 2793 bre·

183 2832 277 2900 viter
298 2831 442 2899 referre.
495 2829 592 2898 Olim
617 2827 748 2899 sedatis
770 2852 811 2895 ac
834 2826 1040 2919 compositis
1061 2826 1171 2895 bello·

184 2955 267 3003 rum
284 2931 494 3012 insultibus,
515 2927 751 3000 Athenienses
767 2954 847 2999 cum
868 2928 1042 2997 advitam
1065 2951 1170 3019 paca-

185 3034 316 3103 tiorem
333 3056 370 3103 se
388 3033 670 3115 transtulissent,
703 3031 918 3102 domesticae
933 3042 1016 3099 tunc
1031 3029 1070 3098 in
1083 3054 1172 3121 pau·

185 3158 290 3226 peres
321 3134 590 3204 insurrexerunt
622 3134 788 3204 iniuriae.
858 3130 912 3201 Ex
945 3156 1032 3223 agro
1063 3133 1172 3222 igitur

185 3232 398 3307 Atheniensi
416 3236 541 3306 rustici
561 3235 704 3327 saepius
730 3259 750 3304 a
774 3235 944 3305 divitibus
967 3234 1099 3304 iniuria
1121 3234 1173 3301 af·

185 3339 291 3422 fecti,
315 3362 390 3409 sese
407 3338 446 3406 in
462 3340 587 3407 urbem
611 3351 840 3429 receperunt3
874 3339 936 3406 sed
959 3361 1040 3406 cum
1063 3336 1174 3405 inter-

189 3441 251 3510 diu
268 3442 450 3534 querendo
466 3441 538 3512 suis
551 3439 790 3510 incommodis
805 3436 975 3519 auxilium
990 3451 1174 3529 praestare

189 3566 265 3610 non
283 3555 448 3633 possent,
474 3555 585 3612 noctu
604 3543 700 3614 vicos
725 3542 823 3612 urbis
849 3564 973 3610 omnes
994 3542 1174 3621 obeundo,

191 3643 327 3712 cunctis
342 3643 525 3713 silentibus
549 3646 642 3715 cives
660 3643 873 3712 nominatim
899 3642 1174 3731 compellabant,

191 3754 245 3823 et,
262 3761 351 3834 quas
367 3755 595 3832 paterentur,
621 3745 831 3834 aperiebant
844 3742 996 3810 divitum
1013 3741 1175 3823 iniurias,

190 3866 345 3913 necnon
360 3843 471 3933 impia
488 3844 579 3912 facta
596 3866 638 3913 ac
651 3845 744 3913 dicta
768 3842 1019 3935 propalabant,
1077 3841 1175 3910 llaec

190 3970 272 4015 cum
297 3968 402 4036 saepe
420 3944 529 4013 vicini
553 3946 752 4027 audissent,
784 3945 881 4038 quod
903 3955 1013 4013 noctu
1034 3966 1176 4034 accepe-

191 4059 292 4129 rant,
319 4046 490 4138 postridie
514 4046 608 4115 inter
631 4072 667 4117 se
690 4045 842 4115 invicem
869 4044 1176 4139 colloquebantur.

190 4146 277 4217 lnde
299 4172 376 4217 non
398 4148 570 4217 mediocri
595 4162 672 4217 erat
696 4149 804 4230 vitio,
842 4146 970 4240 quibus
1002 4147 1177 4218 eiusmodi

194 4249 427 4319 obiiciebatur
443 4251 669 4320 contumelia.
722 4249 827 4319 Unde
842 4261 1085 4339 opportunum
1110 4250 1177 4319 fuit

192 4351 314 4421 multis
329 4353 367 4419 in
383 4354 471 4421 urbe
488 4353 712 4442 potentibus,
736 4365 777 4422 ut
791 4352 864 4422 suis
881 4351 919 4417 in
937 4351 1108 4440 agricolas
1123 4351 1176 4419 in-

191 4453 294 4523 iuriis
314 4455 461 4523 modum
485 4454 707 4537 invenirent,
746 4454 886 4546 sibique
910 4455 955 4523 ab
984 4453 1177 4522 inferendis

194 4554 419 4625 contumeliis
437 4557 722 4627 moderarentur.
774 4555 944 4625 Videntes
958 4555 1067 4644 igitur
1084 4555 1178 4625 cives

192 4653 262 4727 hoc
284 4681 357 4727 esse
381 4656 466 4727 utile
493 4658 627 4727 civitati
647 4657 800 4728 iniuriae
821 4658 1038 4740 amuletum,
1068 4657 1178 4728 iusse-

193 4770 280 4830 runt
297 4760 521 4830 contumeliis
536 4772 749 4851 provocatos
766 4759 804 4828 in
820 4754 998 4829 theatrum
1020 4759 1178 4850 prodire,

194 4873 230 4930 et
251 4885 343 4953 quae
367 4875 478 4933 noctu
499 4863 800 4954 proclamassent,
843 4861 1028 4931 audaciori
1053 4861 1176 4933 animo

194 4958 339 5034 referre.
366 4963 505 5035 Deinde
522 4966 694 5059 quoniam
711 4965 792 5035 talis
808 4964 905 5034 lusus
920 4987 995 5032 non
1012 4963 1179 5054 sinegra·

194 5062 305 5131 vitate
325 5065 479 5156 placuit,
512 5067 662 5138 sancivit
683 5067 837 5160 populus
860 5060 1107 5150 Atheniensis,
1138 5079 1179 5137 ut

195 5164 260 5261 qui
274 5164 417 5257 iugenio
433 5182 676 5260 praestarent,
707 5171 752 5240 de
779 5168 955 5240 eiusmodi
976 5168 1082 5239 rebus
1102 5191 1179 5238 car·

233 5446 263 5504 t)
280 5445 357 5497 ttses
372 5442 468 5507 prtem
484 5444 683 5510 Protogenen
698 5445 727 5497 tn
744 5446 795 5499 u.
811 5446 923 5511 aanor.
945 5448 1022 5499 totu.
1040 5450 1178 5513 teguntur.

1219 1039 1318 1109 mina
1337 1051 1595 1131 componerent
1616 1052 1724 1132 atque
1739 1037 1850 1105 libere
1870 1048 1904 1104 et
1919 1035 2065 1126 impune
2081 1038 2206 1108 adver-

1220 1165 1298 1210 sum
1316 1165 1421 1209 omne
1436 1137 1622 1209 bominum
1639 1164 1749 1229 genus
1764 1140 2010 1232 loquerentur.
2042 1138 2207 1210 Primum

1220 1238 1392 1312 Susarion
1419 1243 1578 1311 versibus
1611 1241 1772 1311 iambicis
1804 1239 2025 1309 comoediam
2058 1241 2208 1312 edidisse

1220 1340 1440 1435 perhibetur,
1466 1344 1565 1413 cuius
1579 1367 1664 1413 sane
1681 1354 1847 1434 poemata
1864 1342 2080 1412 exciderunt.
2115 1340 2208 1412 Hinc

1220 1460 1364 1537 sumpto
1388 1445 1657 1515 comoediarum
1684 1444 1831 1513 exordio
1863 1445 1908 1513 ad
1938 1438 2027 1512 haec
2057 1446 2208 1534 perscri-

1220 1549 1336 1617 benda
1360 1570 1550 1617 numerosa
1575 1547 1747 1638 paulatim
1770 1556 1872 1615 aucta
1894 1544 2065 1615 confluxit
2087 1544 2208 1615 multi-

1221 1651 1331 1733 tudo,
1358 1673 1449 1743 quae
1462 1648 1657 1739 flagitiosos
1672 1643 1837 1718 homines
1852 1671 1872 1715 a
1888 1647 1989 1716 tetris
2006 1647 2209 1717 deterrebat

1220 1752 1450 1822 facinoribus.
1502 1751 1572 1821 Sed
1591 1774 1666 1819 non
1682 1751 1795 1821 multo
1813 1761 1896 1843 post
1912 1760 2036 1840 erupta
2056 1772 2209 1818 emersa-

1224 1878 1293 1946 que
1309 1848 1497 1922 hominum
1513 1851 1722 1946 iniquitate,
1745 1850 1901 1922 factiosis
1923 1863 2030 1944 atque
2046 1850 2208 1944 tyrannis

1223 1955 1262 2023 in
1277 1957 1364 2024 urbe
1381 1954 1727 2037 convalescentibus,
1753 1952 1899 2035 divites,
1925 1964 1959 2019 et
1973 1952 2124 2042 publicis
2141 1947 2208 2022 ho·

1222 2058 1371 2127 nuribus
1388 2052 1586 2139 honestati,
1612 2058 1650 2124 in
1671 2055 1864 2124 comoediis
1884 2053 2067 2122 nominari
2084 2077 2208 2146 quem·

1224 2182 1352 2252 quam,
1378 2159 1448 2229 nisi
1465 2154 1656 2240 humilem,
1679 2169 1761 2241 aut,
1787 2157 1817 2226 si
1832 2157 1941 2225 modo
1956 2156 2115 2226 sinerent
2131 2155 2208 2246 opi·

1222 2262 1288 2331 bus
1309 2259 1504 2350 insignem,
1531 2272 1711 2342 exterum,
1741 2281 1817 2326 non
1839 2258 1972 2340 civem,
2001 2268 2209 2335 vetuerunt;

1223 2374 1261 2428 at
1274 2386 1358 2430 mox
1374 2362 1508 2450 largius
1522 2361 1667 2452 profusa
1685 2360 1854 2429 vitiorum
1870 2359 2032 2442 licentia,
2058 2382 2133 2427 non
2151 2381 2208 2428 so-

1222 2460 1296 2529 lum
1329 2462 1564 2546 nominatim,
1602 2464 1663 2530 sed
1685 2485 1730 2529 ne
1761 2462 1961 2551 aenigmate
1995 2473 2031 2529 et
2061 2458 2208 2528 occultis

1223 2561 1383 2631 versibus
1397 2562 1504 2632 scribi
1519 2574 1685 2652 poemata
1701 2563 1902 2632 voluerunt.
1952 2560 2057 2630 Unde
2079 2573 2207 2652 poetae
2292 2618 2295 2623 .

1223 2675 1285 2732 aut
1312 2663 1350 2730 in
1383 2663 1510 2732 divites
1542 2676 1680 2732 exteros
1713 2676 1777 2733 aut
1802 2665 1840 2730 in
1870 2686 2044 2754 pauperes
2081 2684 2205 2731 omnes

1222 2764 1369 2833 licenter
1392 2787 1458 2855 pro
1482 2788 1545 2834 sua
1569 2764 1715 2833 libidine
1738 2765 1989 2857 loquebantur.

1223 2931 1285 3002 De
1318 2931 1502 3023 triplici
1537 2920 1874 3001 comoediarum
1916 2928 2207 2999 differentia.

1324 3066 1405 3136 Una
1430 3065 1605 3160 siquidem
1630 3066 1815 3135 comoedia
1836 3066 1983 3159 antiqua
2010 3079 2079 3148 est,
2115 3087 2209 3158 quae

1223 3169 1338 3262 prima
1354 3169 1475 3261 palam
1493 3192 1617 3238 omnes
1638 3168 1852 3248 incessebat;
1888 3168 2007 3237 media
2033 3191 2119 3235 vero
2142 3188 2207 3255 per

1225 3271 1445 3362 aenigmata;
1478 3295 1594 3354 nova,
1621 3294 1712 3364 quae
1736 3270 1775 3338 in
1799 3282 1957 3353 exteros,
1989 3282 2052 3337 aut
2074 3291 2210 3350 servos,

1225 3386 1287 3443 aut
1306 3397 1482 3465 pauperes
1505 3367 1751 3442 invehebatur.
1816 3372 1954 3441 Artifex
1982 3373 2119 3463 priscae
2150 3392 2208 3438 co·

1224 3476 1388 3544 moediae
1407 3486 1441 3543 et
1463 3490 1568 3565 poeta
1592 3475 1739 3564 insignis
1754 3475 1821 3542 fuit
1836 3469 2113 3563 Aristophanes,
2135 3470 2208 3539 Eu-
2257 3540 2261 3547 ,

1225 3577 1318 3666 polis
1343 3590 1378 3643 et
1400 3575 1583 3654 Cratinus;
1616 3575 1755 3642 mediae
1782 3597 1867 3641 vero
1890 3575 2015 3654 Plato,
2049 3596 2123 3639 non
2148 3572 2208 3639 ille

1226 3671 1481 3766 philosophus,
1513 3688 1547 3743 et
1561 3672 1810 3753 Pherecrates;
1844 3675 1969 3743 tertiae
1992 3685 2110 3742 autem
2131 3670 2208 3739 Me-

1225 3777 1383 3858 nander,
1409 3770 1599 3844 Philemon
1621 3771 1870 3844 ethilistion.
1922 3774 2111 3843 Caeterum
2136 3774 2210 3863 pri·

1227 3901 1324 3947 mam
1348 3877 1570 3947 comoediam
1604 3877 1649 3944 ad
1671 3875 1887 3966 Eupolidem
1917 3900 2029 3969 usque
2061 3874 2209 3970 quidam

1228 3992 1391 4050 asserunt
1405 3980 1626 4069 pervenisse,
1655 4003 1759 4072 quem
1779 3980 1825 4047 ob
1839 3977 1974 4067 Baptas
1997 3978 2034 4045 in
2051 3975 2209 4047 Alcibia-

1227 4085 1331 4167 dem,
1355 4107 1533 4153 summum
1555 4076 1822 4152 Atheniensium
1838 4081 2104 4170 imperatorem,
2130 4102 2212 4168 per·

1228 4184 1366 4256 strictas
1394 4180 1691 4274 comprehensum
1716 4195 1751 4252 et
1774 4183 1961 4255 sublimem
1992 4194 2137 4272 raptum
2171 4179 2211 4248 in

1228 4288 1373 4379 pelagus
1386 4286 1622 4378 praecipitare
1637 4283 1809 4357 militibus
1824 4287 1896 4357 suis
1912 4284 2099 4353 mandavit
2113 4281 2211 4353 Alci-

1227 4391 1371 4472 biades,
1409 4391 1504 4459 unde
1535 4388 1681 4482 quidam
1709 4389 1868 4459 referunt
1890 4387 2007 4477 ipsum
2031 4385 2094 4455 diu
2117 4384 2211 4452 inter

1228 4491 1354 4561 fluctus
1368 4493 1581 4580 naufragum
1598 4491 1759 4561 evasisse.
1810 4490 1881 4560 Sed
1895 4501 2016 4580 postea
2040 4482 2210 4575 reipubli-

1229 4617 1289 4662 cae
1305 4592 1420 4661 edicto
1436 4593 1637 4662 Alcibiades
1654 4593 1783 4676 edixit,
1808 4616 1853 4661 ne
1869 4591 1948 4685 quis
1956 4585 2210 4658 Atheniensem

1229 4697 1267 4764 in
1302 4696 1486 4765 comoedia
1515 4696 1714 4765 incesseret.
1783 4694 1957 4787 Tuncque
1982 4687 2211 4779 Eupolidem,

1230 4797 1436 4881 Cratinum,
1457 4793 1727 4879 Pherecratem,
1747 4795 1935 4865 Platonem
1951 4805 2057 4885 atque
2072 4784 2228 4858 Aristo?

1229 4896 1385 4993 phanem
1419 4899 1516 4971 iocos
1546 4901 1720 4993 quosdam
1757 4898 1938 4966 involutos
1980 4895 2019 4961 in
2050 4889 2213 4985 quemvis

1229 5015 1458 5095 pertentasse.
1513 4997 1624 5094 ldque
1645 5001 1840 5070 secundum
1864 4994 2131 5066 comoediarum
2153 5016 2236 5080 ge»

1229 5130 1297 5178 nus
1312 5104 1551 5198 appellatum,
1578 5104 1675 5195 quod
1696 5101 1833 5171 tamdiu
1857 5098 1990 5190 viguit,
2023 5097 2143 5190 quoad
2165 5117 2213 5163 ne

1231 5210 1379 5281 obscure
1398 5206 1541 5299 quidem
1563 5203 1755 5296 perstringi
1773 5203 1886 5273 civem
1910 5201 2067 5272 voluere.
2117 5197 2214 5269 Nam

1230 5324 1312 5404 post
1325 5311 1363 5378 in
1379 5304 1532 5378 humiles
1548 5319 1582 5377 et
1604 5320 1782 5377 extremae
1805 5306 1911 5377 sortis
1930 5299 2117 5383 homines,
2151 5307 2216 5365 aut

1230 5414 1269 5483 in
1303 5412 1542 5505 cuiuscunque
1576 5411 1715 5502 generis
1749 5422 1887 5481 exteros
1921 5403 2085 5483 conversi
2117 5410 2213 5472 runt.
