4762 6008
143 255 221 335 273
250 254 421 327 LXXXV.
449 250 741 326 lN'l'EltPRE'l'.
758 246 978 344 ALlQUOT
995 249 1235 323 LOCORUM
1251 247 1580 338 EMPEDOCLIS,
1603 250 1753 322 ARATl
1776 252 1840 325 ET
1857 254 2061 332 OPPIANL
2095 260 2171 337 274

789 432 911 510 DUO
951 434 1095 510 Locl
1135 435 1216 509 EX
1257 433 1525 510 0PP1ANO

683 569 907 632 rursrreo
934 571 1276 640 ussaurnosn
1309 576 1631 638 ru‘rnnrnnrn.

185 749 218 815 1.
256 744 455 837 Oppiani
482 746 525 812 de
549 741 738 810 venatione
752 735 795 811 ll.
822 765 891 813 vss.
905 744 991 816 200.
1005 747 1094 818 201.
1181 747 1255 820 Nec
1271 771 1394 830 mora,
1421 748 1535 819 laetus
1553 749 1663 829 odor,
1689 747 1835 840 vinique
1851 749 1978 817 nociva
1998 753 2127 843 cupido

144 880 221 972 lpse
237 882 381 976 quidem
398 904 520 949 cervus
537 878 686 970 pedibus
702 877 882 947 velocibus
899 877 1036 968 ipsam,
1181 848 1288 918 Elicil
1302 850 1467 933 5⁰⁵³¹¹⁰⁸²
1493 862 1529 918 ⁶²
1544 849 1583 917 5¹¹
1599 861 1675 917 ³²¹³
1693 850 1850 940 llffi'lfflla
1867 851 1998 934 millii,

145 982 236 1053 Cum
268 982 377 1073 fugit,
429 980 701 1074 assequitur⁸)'‚
752 978 912 1072 sistitque
947 981 1128 1072 amplexus
1179 952 1377 1121 gumbvero
1391 951 1615 1069 ingeminant
1628 945 1776 1070 haustus
1788 951 2168 1094 lat-icempnelrygwum
2233 950 2238 959 .

561 1093 730 1147 amatam,
1211 1078 1276 1121 xor
1302 1065 1381 1136 ent,
1409 1066 1444 1121 et
1460 1053 1693 1124 Bassaridum
1709 1065 1886 1123 trieterica
1907 1068 2050 1124 vivunt.

1179 1153 1366 1246 Languida
1384 1155 1473 1248 quin
1488 1155 1595 1239 etiam
1610 1156 1746 1226 furioso
1763 1180 1915 1249 corpora
1934 1181 2057 1241 cursu,

179 1272 217 1340 2.
248 1261 456 1357 Oppiani
483 1264 527 1333 de
548 1258 739 1328 venatione
754 1256 814 1332 lv,
842 1285 910 1335 vss.
925 1263 1001 1335 230
1015 1288 1094 1358 sqq.
1178 1253 1221 1325 ln
1235 1254 1411 1327 Venerem
1429 1258 1592 1341 solvunt,
1619 1258 1705 1327 vino
1720 1258 1871 1328 faciente
1889 1283 2076 1349 soporem:

525 1362 655 1436 820-
667 1357 754 1434 565.
1179 1359 1267 1429 Mor
1284 1359 1372 1431 citus
1390 1361 1542 1452 assurgit
1555 1374 1725 1444 venator,
1749 1374 1784 1430 et
1799 1361 1972 1453 opprimit
1986 1375 2081 1449 arte,

1180 1460 1324 1532 Robore
1346 1486 1437 1558 quos
1460 1487 1648 1557 nunquam
1669 1474 1831 1554 poterat,
1873 1467 2079 1558 praedaque
2102 1492 2166 1559 po-

1591 1565 1690 1636 titur.

1179 1664 1257 1734 Heu
1272 1662 1362 1734 mihi
1373 1659 1487 1758 ‘quam
1504 1666 1635 1736 multos
1650 1666 1761 1735 nimia
1778 1665 1907 1735 virtute
1922 1669 2093 1758 superbos

1178 1764 1342 1836 lnvenias
1359 1767 1480 1858 pardis
1496 1767 1646 1850 similes,
1672 1768 1734 1862 qui
1749 1767 1896 1835 nomina
1914 1769 2016 1840 iactis

1176 1868 1385 1939 Extendunt
1397 1868 1514 1937 nitido
1527 1869 1709 1959 pulsantes
1726 1870 1858 1938 vertice
1871 1870 2030 1953 eoelum,

141 1500 248 1569 Retia
262 1499 446 1590 nigrantes
463 1497 534 1566 late
554 1496 732 1589 cingentia
744 1497 855 1568 saltus

139 1604 233 1673 Acer
250 1600 408 1671 odoratis
424 1610 574 1669 venator
588 1601 735 1668 tendere
749 1598 872 1691 pardis

138 1701 316 1786 Extimet,
341 1716 377 1771 et
390 1702 513 1773 stricto
528 1701 677 1792 propius
693 1700 900 1791 contingere
916 1701 1024 1771 lerro.

139 1803 232 1873 Tam
252 1803 368 1874 tristes
382 1804 455 1874 iras
470 1802 628 1871 violento
643 1803 681 1870 in
697 1826 848 1895 corpore
864 1815 1027 1885 versant,

137 1901 284 1999 lnlracti
298 1918 339 1977 ut
356 1905 435 1979 telis
451 1928 664 1976 concurrere
682 1903 833 1975 fortibus
847 1904 976 1977 ausint.

139 2005 252 2099 Saepe
266 2007 374 2078 etiam
391 2019 563 2099 superant
578 2031 652 2076 non
667 2006 790 2100 aequis
805 1998 940 2077 viribus
955 2003 1107 2091 hostem,

139 2108 236 2180 Dum
251 2107 389 2207 valer⁶)
404 2109 570 2181 extremis
585 2134 659 2183 sese
675 2108 896 2181 concredidit
912 2110 1041 2193 armis,
1146 2148 1153 2229 ¹

140 2210 187 2282 Et
201 2212 309 2284 nimis
322 2213 449 2283 insano
467 2213 643 2284 venabula
663 2211 820 2305 perdidit
834 2211 919 2284 ictu.

138 2310 235 2406 Ergo
250 2315 334 2385 dolo
349 2327 490 2387 tantum
509 2315 640 2385 celeres
654 2314 867 2397 vincuntur,
892 2327 927 2384 et
941 2309 1036 2386 ante'

138 2412 279 2488 Insidiis
291 2418 487 2485 frenandus
504 2416 592 2497 erit,
619 2415 681 2506 qui
695 2416 827 2483 robore
842 2414 937 2482 vinci

136 2517 303 2601 Nesciat,
330 2529 366 2586 et
376 2517 470 2587 vires
485 2539 594 2609 quem
609 2514 787 2584 debellare
802 2517 958 2597 ferocem

138 2620 224 2689 Non
238 2616 329 2686 aliae
344 2628 514 2709 possunt,
538 2616 695 2709 prudens
709 2616 852 2687 solertia
870 2616 1016 2708 frangit.

139 2719 348 2789 Mirandum
360 2719 483 2810 pardis
499 2719 575 2786 vini
591 2719 782 2809 fragrantis
800 2740 959 2787 amorem

137 2819 224 2891 Esse
238 2842 344 2891 senex
359 2821 461 2892 vario
479 2832 630 2889 venator
644 2819 820 2912 comperit
832 2844 919 2902 usu,

137 2920 273 2995 Idcirco
289 2922 481 2995 observans
498 2923 618 2992 anime
636 2945 712 2993 non
725 2923 834 2992 flante
857 2921 1010 2992 latebras

137 3022 305 3107 Illorum,
332 3024 448 3094 calido
464 3024 648 3116 perfundit
661 3039 813 3103 nectare
823 3036 956 3092 terram

137 3125 311 3223 Impiger,
336 3141 372 3197 et
384 3128 494 3199 tacito
509 3128 713 3223 spumantia
730 3126 868 3223 cymbia
883 3148 1005 3217 gressu
1063 3184 1067 3189 .

140 3220 287 3300 Ordine¹
301 3224 514 3324 disponens,
551 3225 636 3300 hinc
657 3243 764 3327 atque
787 3227 871 3300 hinc
895 3225 1037 3323 antrat)
1065 3249 1122 3296 co·

552 3344 669 3406 ronat.

1176 2072 1244 2144 Vel
1263 2074 1357 2142 mala
1374 2071 1530 2144 luxuries
1543 2074 1721 2169 mistoque
1740 2073 1879 2144 insania
1893 2069 2047 2145 Baccho.

1177 2176 1329 2269 Adspice
1344 2176 1499 2269 pelleum
1512 2177 1685 2268 pardum,
1712 2202 1784 2269 quo
1801 2171 1984 2267 pulchrior
1999 2177 2088 2246 alter

1177 2280 1261 2351 Non
1283 2280 1352 2349 fuit
1372 2279 1410 2347 in
1441 2273 1613 2371 pulchro,
1655 2304 1761 2374 quem
1789 2279 1944 2362 vicerat,
1985 2280 2072 2349 orbe
2097 2298 2163 2350 nec

1588 2406 1748 2477 unquam

1176 2481 1249 2550 Res
1262 2480 1394 2552 similes
1408 2483 1513 2575 gessit
1534 2484 1724 2580 quisquam
1737 2482 1962 2555 brevioribus
1976 2482 2090 2575 annis.

1179 2581 1368 2654 Confectos
1384 2596 1498 2655 aetate
1513 2609 1614 2658 senes
1629 2588 1785 2684 bellique
1798 2587 1922 2657 labore

1179 2682 1345 2755 Consiliis
1361 2684 1447 2757 vicit
1462 2699 1626 2773 cunctos,
1652 2690 1691 2757 in
1704 2691 1795 2762 flore
1808 2690 1987 2764 iuventae.

1177 2784 1273 2881 Ergo
1289 2786 1343 2857 illi
1358 2811 1512 2859 nocuere
1531 2785 1623 2859 nibil
1639 2815 1705 2861 nec
1719 2795 1789 2863 tela
1807 2816 1873 2863 nec
1889 2787 2030 2875 hostes,

1177 2888 1247 2959 Sed
1264 2890 1367 2965 [neda
1382 2891 1533 2962 ebrietas
1551 2904 1585 2961 et
1601 2892 1777 2965 desidiose
1798 2893 1974 2982 voluptas.

1177 2989 1290 3086 Quit)
1306 2991 1420 3082 sapis,
1446 2994 1669 3088 invictaeque
1685 2997 1791 3067 decus
1806 3016 1949 3067 servare
1963 2995 2106 3065 laboras

1175 3091 1346 3178 Virtutis,
1373 3118 1513 3188 semper
1526 3099 1607 3187 fuge
1625 3095 1753 3169 desidis
1771 3097 1843 3167 otia
1859 3095 1966 3169 vitae.

1174 3195 1227 3267 dc
1261 3220 1402 3269 memor
1436 3212 1531 3285 esto,
1576 3197 1714 3285 Deum,
1754 3224 1834 3271 cnm
1867 3199 1914 3270 sit
1948 3196 2162 3270 castissimus

1582 3301 1698 3387 idem,

1174 3401 1333 3472 Ple'ctere
1349 3404 1506 3494 pollutos
1521 3417 1557 3473 et
1573 3406 1719 3475 tandem
1735 3405 1902 3475 extollere
1918 3416 2044 3475 castos.

172 3534 204 3595 4)
220 3531 392 3599 esseqnltur]
417 3533 459 3583 stc
483 3538 532 3594 t:
550 3533 665 3597 oppisn.
688 3524 823 3597 μάρπτει)
842 3529 968 3581 thcent.
992 3531 1021 3579 et
1037 3528 1118 3591 corp.
1173 3578 1377 3593 .......-

206 3600 284 3662 ndis
307 3602 455 3655 erastus:
479 3603 640 3666 inscqnttnr.

172 3689 203 3746 t)
221 3686 316 3748 ester]
334 3689 376 3738 sto
394 3688 478 3750 corp.
492 3687 571 3749 ltet.;
598 3687 731 3745 vincent„
746 3684 844 3736 mendo
861 3686 989 3749 typogr.:
1013 3681 1101 3745 teser.
1206 3690 1237 3757 7)
1258 3687 1325 3759 Qut]
1344 3686 1386 3735 stc
1398 3687 1481 3750 corp.
1494 3687 1572 3751 ltot.;
1591 3689 1717 3739 vincent.
1739 3684 1834 3735 ruendo
1848 3687 1976 3748 typogr:
2002 3685 2062 3745 Qun
2075 3684 2158 3747 (pros

172 3773 204 3829 t)
222 3774 319 3832 onus]
338 3772 378 3822 stc
395 3772 477 3835 corp.
496 3773 575 3834 set,
599 3770 743 3822 Vincunt:
770 3760 883 3819 contrs.'
944 3764 947 3769 '
1247 3746 1374 3816 omi)-

141 5483 323 5549 mersere.
343 5481 451 5549 Oeen.
475 5478 559 5543 Vos.
580 5436 671 5541 XlX.
