4762 6008
841 250 995 344 'ram
1029 264 1144 339 uas.
1178 261 1380 340 sunum
1410 261 1746 344 ruuuuuutca
2204 274 2306 357 'tro

788 422 882 527 sssss
931 436 994 524 tu
1048 422 1967 563 otacrum'o'n'o‘rtorca···‘·=-·····--
2006 472 2084 489 ψ·

703 586 916 662 tsCHOLtA
944 583 1242 649 raottxtottu
1271 581 1481 649 tutaturi
1508 578 1870 646 MELANTHONIS.

362 777 442 836 llaec
463 773 572 833 scholia
593 791 652 831 non
673 773 845 835 llslautlron
866 775 951 853 ipse,
971 773 1027 833 sed
1047 770 1173 833 loannes
1194 773 1314 834 Gastius
1334 770 1516 833 Bdmenus
1535 770 1629 832 edidit
1651 781 1682 831 et
1694 767 1829 828 Gedeoni
1843 769 1880 827 ab
1893 765 2166 853 Omboimssdinerit.
2211 779 2309 842 liuto.

277 863 420 941 epistolae
447 859 695 936 nuncupatoriae,
717 858 850 921 Basileus
877 855 934 921 td.
956 860 1076 938 Augusti
1100 855 1194 921 1544·
1216 857 1361 937 scriptae,
1387 856 1561 936 principium
1592 855 1620 918 h.
1643 856 1664 914 l.
1690 852 1801 913 afferre
1828 854 1928 930 iurat,
1961 855 2084 938 exlgqno
2106 860 2199 922 lector
2220 864 2310 926 hoio.

275 941 441 1025 prolixioris
460 943 660 1004 commentarii
682 943 823 1022 originem
846 954 1014 1023 cognoscat:
1047 1006 1050 1019 ¹

403 1054 521 1123 Nobili
541 1077 584 1121 uc
603 1077 789 1140 generosae
811 1060 934 1125 indolis
954 1059 1176 1138 adolescenti,
1203 1053 1352 1122 Germe·
1378 1050 1422 1118 ob
1444 1050 1614 1130 ostheim,
1642 1055 1831 1137 ps'ssceroue
1858 1050 2094 1122 luererlitorr’o
2115 1070 2180 1129 eto.
2207 1061 2307 1129 loen·

445 1163 504 1206 ster
527 1136 664 1207 (iastius
686 1143 904 1210 Brisucestss's
927 1142 963 1210 S.
982 1141 1029 1209 D.

362 1264 477 1327 Obtulit
498 1264 615 1343 quidam
636 1284 694 1323 non
717 1267 892 1346 inelegantis
913 1266 1023 1344 ingenii
1049 1263 1238 1340 adulescens,
1265 1262 1472 1324 Westhemero
1494 1260 1678 1343 typographo
1699 1279 1758 1320 non
1778 1262 1960 1343 indiligenti,
1981 1262 2018 1324 D.
2040 1263 2170 1344 Philippi
2191 1268 2307 1329 Melan-

281 1350 393 1423 thonis,
415 1348 487 1421 riri,
508 1360 542 1408 ut
562 1348 636 1409 nihil
657 1350 737 1409 aliud
758 1351 869 1427 dicam,
895 1353 923 1410 in
948 1349 1163 1429 disciplinarum
1186 1365 1316 1428 genere,
1344 1347 1504 1426 praecipue
1531 1356 1631 1407 autern
1657 1346 1687 1404 in
1717 1347 1811 1406 reteri
1839 1348 2004 1427 theologis,
2030 1350 2250 1428 exemitbsimi,
2276 1355 2306 1415 in

279 1437 367 1496 libros
393 1435 503 1512 Georg.
524 1433 617 1512 Verg.
646 1434 780 1512 Scholia,
812 1453 889 1516 quae
915 1454 954 1497 ex
980 1435 1061 1494 illius
1087 1450 1156 1511 ore,
1187 1449 1245 1512 qua
1271 1433 1366 1513 potuit
1394 1430 1564 1509 diligentia,
1591 1432 1733 1510 [excepits
1762 1450 1870 1508 rogans
1901 1446 1933 1492 nt
1955 1433 2004 1509 id,
2033 1434 2241 1516 qualecunque
2260 1438 2308 1515 sit,

280 1521 367 1601 prelo
392 1518 593 1579 subiiceretnr.
653 1518 756 1579 Noluit
778 1522 857 1580 enirn
886 1539 939 1599 eo,
975 1520 1044 1578 lieet
1071 1516 1200 1579 nondum
1228 1518 1377 1592 absoluta,
1412 1526 1444 1576 et
1471 1525 1585 1576 temere
1614 1526 1771 1594 nongesto,
1797 1533 1880 1576 more
1908 1519 2091 1595 quomodam
2119 1521 2309 1600 abscondere,

282 1607 414 1683 aliosque
435 1602 490 1662 ltoe
510 1604 654 1664 litterario
675 1605 811 1665 thesauro
832 1605 1029 1679 defraudare,
1055 1603 1106 1661 rel
1126 1616 1159 1663 se
1180 1604 1296 1681 ipsum,
1327 1603 1352 1661 si
1373 1599 1491 1680 publice
1512 1601 1584 1679 quid
1605 1598 1838 1680 praelegendum
1860 1612 1956 1677 esset,
1982 1603 2093 1682 plumis
2111 1605 2218 1666 alienis
2238 1626 2309 1668 con-

283 1690 404 1750 vestire.
446 1688 570 1749 Candidi
591 1687 716 1750 hominis
736 1692 888 1771 proprium
910 1707 976 1750 esre
997 1689 1129 1764 diocbat,
1147 1689 1247 1747 multis
1266 1706 1319 1746 sua
1339 1686 1482 1745 industria
1504 1685 1665 1764 prodesse,
1693 1696 1725 1745 et
1746 1703 1824 1763 quae
1845 1686 1895 1747 vel
1916 1688 2046 1767 aliquam
2069 1689 2225 1750 utilitatem
2245 1704 2311 1753 stu·

284 1774 371 1834 dionis
391 1774 531 1832 bonarum
553 1773 716 1834 litterarum
737 1775 856 1837 adlerre
883 1787 1019 1855 possent,
1048 1791 1106 1831 non
1128 1772 1330 1853 supprimere,
1359 1786 1456 1848 neque
1477 1769 1601 1828 aliorum
1628 1769 1708 1829 laudi
1729 1769 1881 1846 invidere,
1909 1771 1963 1831 sed
1991 1773 2123 1831 omnibns
2144 1774 2310 1838 liberaliter

285 1858 506 1919 commonicare.
557 1859 596 1917 Et
623 1859 712 1938 plane
734 1859 847 1919 conlido
875 1871 1026 1936 autorem,
1053 1857 1134 1917 cuins
1160 1856 1272 1935 ingenii
1293 1854 1449 1917 eandorem
1478 1872 1565 1914 nemo
1587 1873 1646 1914 non
1675 1856 1775 1926 norit,
1807 1855 1876 1913 boni
1901 1854 2028 1916 studium
2048 1867 2178 1917 nostrum
2199 1859 2256 1919 bec
2279 1862 2312 1919 ln

286 1940 417 2003 editione
439 1943 613 2020 oonsulere,
644 1962 733 2023 qnnm
755 1945 896 2005 molitione
918 1941 990 2004 nihil
1012 1944 1060 2002 ltie
1081 1943 1119 2001 sit
1142 1954 1240 2001 actum
1262 1941 1368 2004 animo.
1420 1938 1585 2000 Adiecimut
1612 1941 1665 2014 iis,
1693 1957 1769 2017 quoe
1791 1939 1911 2017 mmor,
1937 1940 2050 2001 Eobanl
2070 1940 2156 2001 usse
2175 1942 2311 2004 doctissi-

286 2044 348 2086 mas
369 2029 570 2087 annotationes
591 2029 622 2085 in
651 2029 770 2089 eosdem
792 2029 1003 2110 Georgicorum
1032 2028 1138 2101 libros,
1166 2027 1223 2084 iam
1252 2025 1350 2085 denuo
1371 2024 1565 2102 locupletatas
1591 2043 1626 2083 oc
1654 2025 1884 2103 emendatiores,
1913 2036 1945 2085 et
1968 2024 2109 2087 nonnulle
2128 2027 2204 2102 alia,
2232 2045 2312 2108 quae

288 2113 386 2171 mnia
405 2112 474 2173 insti
492 2115 694 2174 commentarii
713 2110 777 2174 luco
798 2132 864 2175 esse
886 2122 1007 2193 possunt
1027 2124 1085 2175 etr.

374 2230 419 2287 Ex
441 2227 552 2288 duabus
574 2229 755 2291 Editionibos
781 2230 885 2290 horum
905 2230 1080 2290 scholiorum
1100 2243 1190 2308 supro
1208 2245 1239 2305 p.
1251 2221 1318 2287 849
1330 2247 1376 2307 sq.
1396 2226 1566 2306 descriptis,
1596 2247 1717 2308 quarum
1740 2230 1834 2290 altera
1858 2223 2016 2291 Buss'leee
2037 2249 2065 2292 a.
2087 2227 2198 2310 ¹544,
2217 2232 2312 2295 altera

291 2308 435 2375 Parisiis
456 2331 484 2375 a.
507 2310 602 2377 1548.
621 2316 745 2394 prodiit,
767 2317 859 2376 oolam
880 2317 1008 2395 priorem
1029 2315 1061 2373 in
1079 2311 1212 2373 manibus
1234 2310 1340 2373 habeo·

323 2709 563 2781 Praelatio
585 2704 795 2798 Philippi
817 2697 1133 2774 Melanthonis
1168 2699 1214 2768 in
1241 2700 1388 2772 libros
1409 2701 1746 2793 Georgicorum
1771 2704 1813 2778 P.
1840 2703 2032 2798 Virgilii
2059 2706 2282 2782 Maronis.

316 2915 320 2923 ·
394 2878 707 2973 Quemadmodum
730 2875 769 2944 in
789 2874 921 2944 Ovidio
953 2869 1164 2963 exponendo
1194 2865 1275 2936 leci·
1326 2871 1557 2964 experiuntur
1577 2872 1624 2958 ii,
1651 2852 1714 2970 qui
1735 2899 1771 2947 se
1789 2887 1961 2948 exercent.
2012 2873 2180 2948 Secundo
2203 2873 2314 2951 huius

292 3005 392 3065 mus,
422 2978 472 3050 ita
497 2977 556 3050 hic
580 2979 687 3050 etiam
711 2979 755 3048 de
777 2978 847 3047 fine
865 2987 901 3046 et
915 2973 1067 3044 utilitate
1082 2968 1202 3061 operis
1218 2991 1276 3037 co·
1328 2974 1447 3067 operis
1465 2974 1637 3048 utilitates
1658 2977 1854 3069 peculiares
1876 2990 1979 3061 sunt,
2021 3001 2113 3073 quae
2137 3003 2180 3051 ex
2204 3002 2313 3070 argu.

293 3084 479 3175 gitandnm
509 3093 572 3153 est.
635 3079 701 3149 llla
730 3103 815 3170 ergo
843 3077 978 3146 utilitas
1008 3070 1182 3165 generalia
1213 3080 1278 3154 est,
1328 3089 1450 3147 mento
1474 3077 1701 3170 colliguntur.
1752 3076 1794 3150 ln
1815 3078 1934 3172 primu
1956 3080 2049 3151 libro
2065 3103 2179 3172 pauca
2202 3104 2314 3178 quae-

295 3206 388 3279 qnae
421 3184 467 3254 acl
500 3205 610 3274 genna
642 3179 766 3249 Latini
808 3177 983 3250 sermonis
1023 3174 1198 3268 pertinet,
1240 3173 1278 3241 iu
1328 3181 1412 3250 dam
1428 3192 1464 3252 et
1477 3180 1581 3253 exilia
1596 3196 1785 3275 praecepta
1801 3182 1969 3254 traditde
1985 3182 2216 3277 agricultura.
2248 3182 2314 3257 llis

296 3285 622 3380 qnncnmparando
636 3282 789 3352 multum
803 3304 933 3374 operae
950 3279 1197 3349 collocandum
1214 3285 1278 3345 est.
1329 3294 1413 3353 cunt
1433 3284 1552 3352 addita
1578 3287 1754 3378 quaedam
1779 3280 1925 3381 physica
1946 3299 1984 3357 et
2005 3286 2254 3375 astronomica}
2268 3288 2313 3359 de

295 3386 482 3480 Quantam
499 3384 597 3455 enim
613 3383 734 3468 studii,
750 3396 996 3478 quantumque
1012 3379 1148 3451 laboris
1163 3401 1206 3447 ea
1221 3401 1278 3448 res
1330 3383 1468 3456 ortibus
1489 3397 1526 3456 et
1553 3388 1734 3461 occasibus
1757 3389 1953 3463 stallorum.
2013 3389 2135 3483 Quare
2158 3388 2313 3461 multum

295 3487 472 3583 postulet,
510 3499 552 3559 ut
572 3487 632 3557 vel
653 3486 839 3580 mediocre
860 3488 1043 3582 quoddam
1070 3482 1128 3552 uel
1150 3480 1278 3549 tolera·
1331 3485 1437 3555 etiam
1448 3488 1610 3579 proderit
1624 3487 1793 3562 vobishic
1804 3491 1946 3562 liberad
1956 3491 2155 3562 doctrinam
2167 3503 2313 3573 ortuum

295 3591 367 3662 bile
387 3591 528 3662 dicendi
555 3614 666 3683 genus
695 3613 975 3685 consequamur,
1012 3584 1114 3656 facile
1149 3581 1279 3653 intelli·
1331 3599 1591 3673 etoccasunm,
1615 3603 1649 3662 et
1671 3589 1902 3687 sophystam
1916 3592 2317 3688 quasdamdispntutiu-

297 3694 451 3788 pontii,
477 3691 599 3789 quiin
621 3689 692 3766 hoc
714 3693 832 3766 studio
857 3702 1056 3762 versantur.
1113 3684 1208 3758 Nam
1232 3685 1280 3753 ad
1330 3713 1405 3761 nes.
1446 3688 1486 3760 ln
1500 3694 1655 3762 secundo
1671 3695 1781 3765 tradit
1794 3691 1977 3770 hortensia
1991 3708 2200 3791 praecepta,
2222 3719 2316 3791 qnae

297 3797 396 3865 illam
428 3808 583 3867 veterem
619 3811 655 3869 et
692 3796 915 3891 splendidam
955 3787 1198 3887 eloquentiam
1225 3781 1281 3858 his
1331 3789 1498 3866 nonnihil
1520 3790 1656 3867 habent
1674 3797 1911 3887 difficultatis,
1943 3811 1981 3875 cl
2001 3823 2022 3871 a
2046 3799 2152 3873 nubis
2165 3797 2316 3890 diligen-

300 3897 537 3990 tempuribus‚
574 3896 631 3971 his
655 3901 781 3973 studiis
807 3897 995 3992 pervenire
1020 3916 1127 3965 nemo
1151 3902 1279 3982 potest.
1332 3896 1402 3968 tius
1425 3898 1705 3990 explicabuntur.
1763 3899 1828 3974 Est
1848 3914 1967 3973 antem
1987 3925 2062 3973 non
2084 3902 2210 3995 exigna
2231 3925 2315 3994 pars

298 3998 370 4071 Sed
391 4012 512 4071 tammo
528 4001 617 4072 illud
640 4002 776 4095 ipsum,
801 4004 898 4095 quod
922 4002 1058 4070 efficere
1081 4017 1281 4086 possumus,
1334 4000 1544 4073 eruditionis
1567 4014 1687 4072 tenere
1712 4006 1999 4076 nomenclaturae
2024 4030 2158 4077 rerum.
2215 4000 2257 4073 ln
2278 4004 2314 4075 8.

297 4096 636 4194 hubrlpruiectuin
658 4103 819 4197 quolibet
838 4125 967 4191 genere
986 4097 1188 4171 studiorum
1203 4094 1282 4165 infi-
1332 4103 1377 4171 de
1395 4104 1493 4174 cultu
1520 4129 1688 4196 pecorum
1718 4107 1851 4178 scribit.
1917 4105 1957 4175 ln
1973 4106 2030 4193 4.,
2062 4106 2126 4202 qui
2149 4105 2314 4199 inprimis

298 4200 413 4272 uitam
429 4204 632 4277 utilitatem.
683 4202 874 4272 Mediocris
888 4201 1017 4298 aliquis
1030 4196 1281 4291 grammaticus
1333 4204 1472 4297 elegans
1492 4220 1561 4289 est,
1587 4221 1622 4276 et
1639 4208 1693 4277 vel
1708 4209 1861 4279 maxime
1882 4209 1954 4279 vim
1973 4222 2010 4281 et
2030 4210 2236 4281 felicitatem
2258 4206 2315 4277 in-

301 4326 471 4393 magnum
486 4305 560 4374 iam
574 4301 683 4376 habet
704 4304 840 4374 aditum
864 4306 908 4373 ad
924 4301 1098 4398 quaslibet
1112 4310 1218 4383 artes,
1240 4322 1282 4369 ex
1332 4308 1427 4400 genii
1449 4303 1555 4378 huius
1579 4309 1715 4380 autoris
1740 4312 1915 4398 ostendit,
1940 4336 2020 4383 eam
2040 4324 2178 4407 partem
2198 4309 2313 4380 cultu-

302 4405 430 4499 quibus
445 4405 476 4503 ¹)
503 4409 549 4478 ad
571 4431 820 4503 quamcunque
836 4431 872 4477 se
887 4405 1116 4502 applicuerit,
1148 4398 1280 4470 minori
1330 4432 1392 4478 rae
1409 4408 1675 4501 complectitur,
1713 4437 1804 4505 qnae
1830 4416 1877 4482 ad
1900 4440 1985 4507 apes
2000 4416 2163 4510 pertinet.
2213 4406 2315 4483 luse-

299 4508 446 4601 negotio
460 4506 499 4579 in
515 4533 554 4579 ea
570 4508 621 4604 1·)
637 4511 848 4583 versabitur.
898 4512 1016 4604 Atque
1034 4509 1080 4577 uh
1095 4499 1277 4576 hancrem
1330 4522 1459 4583 tuntur
1479 4510 1587 4581 etiam
1611 4511 1716 4583 multi
1738 4515 1808 4585 loci
1829 4526 2056 4607 communes',
2070 4536 2236 4614 quntum
2252 4539 2315 4585 co·

221 4669 231 4685 .
300 4611 525 4705 potissimum
544 4612 603 4683 isti
627 4625 788 4698 autores,
814 4612 878 4709 qui
899 4625 981 4683 sunt
1002 4612 1040 4679 in
1059 4608 1188 4679 Latina
1212 4607 1279 4674 lin·
1329 4612 1442 4703 gnitio
1458 4613 1610 4684 multum
1626 4609 1734 4686 habet
1748 4618 1922 4692 utilitatis.

166 4788 175 4799 ,
300 4738 368 4806 gua
384 4714 586 4807 praecipui,
611 4716 650 4785 in
674 4712 803 4787 scholis
817 4726 1089 4809 proponuntur,
1116 4709 1278 4780 videlicet

296 4830 447 4909 propter
462 4821 751 4908 grammaticam,
777 4820 985 4913 utaliquam
1009 4813 1278 4889 similitudinem
1329 4785 1580 4858 C⁰¹l³¹i⁰
1630 4785 1876 4906 Vimm
1922 4814 2032 4858 ⁰⁰¹⁰
2079 4788 2313 4860 G¹¹²¹¹⁸

300 4944 562 5014 consequamur
578 4921 752 4992 orationis
765 4923 901 5004 bonae,
927 4947 972 4991 ne
989 4921 1034 4992 sit
1050 4928 1173 4991 nostra
1198 4938 1276 4982 nra·
1664 4912 1684 4957 ὃ
1700 4913 1725 4959 ¹¹
1739 4901 1753 4957 ¹
1767 4915 1788 4957 ⁰
1807 4914 1825 4957 ¹
1840 4916 1852 4956 ¹
1866 4891 1890 4959 b
1904 4916 1928 4959 ¹¹
1944 4916 1972 4960 ⁵·

300 5023 350 5088 tio
367 5020 717 5113 impura,'mutilata
739 5037 804 5096 etc.
855 5023 993 5094 Deinde
1017 5022 1077 5092 illa
1100 5020 1177 5113 ipsa
1199 5016 1277 5087 dili·
1300 5010 1304 5043 ¹
1382 5019 1502 5094 'Nihil
1516 5048 1639 5092 moror
1652 5024 1749 5093 illam
1762 5026 1933 5109 fabulam,
1951 5025 2312 5120 quaVirgiliumcnm

301 5122 417 5210 gentio
435 5123 675 5197 inscribendo
691 5140 726 5197 et
740 5128 890 5219 legendo
909 5127 1096 5198 assuefacit
1117 5122 1276 5193 animum
1328 5125 1507 5209 Homero,
1524 5125 1681 5197 Hesiodo
1697 5138 1732 5196 et
1746 5123 1941 5198 Theocrito
1957 5130 2164 5213 conterunt,
2188 5124 2224 5198 e't
2239 5127 2314 5198 Ho-

301 5223 347 5290 ad
376 5222 577 5312 diligentius
610 5229 863 5314 iudicandum,
903 5231 1001 5322 quod
1036 5228 1142 5297 etiam
1177 5222 1277 5292 facilc
1328 5252 1428 5297 mero
1444 5253 1580 5320 parem,
1593 5228 1751 5300 Hesiodo
1766 5231 2002 5323 superiorem,
2017 5229 2213 5304 Theocrito
2224 5231 2314 5303 infe-

1328 5329 1461 5400 riurem
1479 5331 1624 5403 faciunt.
1672 5332 1753 5403 Scio
1767 5333 1950 5406 Aeaciden
1962 5335 2105 5427 Virgilii
2127 5335 2313 5429 quandam

1329 5455 1402 5504 ease
1429 5429 1560 5507 lliados
1585 5433 1841 5522 imitationem,
1875 5462 2094 5533 quamquam
2126 5437 2236 5508 etiam
2270 5460 2317 5506 ex

334 5346 504 5360 ..-—-..
1302 5332 1306 5365 l

302 5348 365 5450 “tl
385 5400 419 5438 ex
436 5390 549 5452 qulbus]
570 5395 611 5444 sto
627 5395 727 5458 scripsi
733 5409 742 5457 3
759 5397 811 5450 tto.
826 5397 899 5446 teu.
921 5396 1027 5460 quibus.
1300 5372 1306 5481 Ι

334 5454 377 5522 1⁸)
396 5453 442 5523 ea]
463 5459 510 5510 ltd.
525 5460 599 5512 tau.
617 5474 660 5514 eo.
