4762 6008
174 244 247 319 177
542 232 730 309 LXXVIII.
789 229 1079 307 EXPLICA'IIO
1111 231 1497 307 SENTENTIARUM
1530 231 1837 311 THEOGNIDIS.
2134 243 2210 316 178

172 421 273 489 adest
302 415 376 483 vita
407 411 581 498 servilis,]
614 410 652 480 id
676 423 745 493 est,
787 432 832 476 ne
858 407 1050 498 exprobres
1076 401 1166 473 mihi
1217 429 1254 475 se
1272 405 1417 475 erilium
1436 421 1472 476 et
1485 410 1711 491 servitutem,
1740 423 1774 479 et
1797 409 1882 480 dicit
1895 409 2113 482 servitutem
2137 436 2210 486 esse

171 524 290 590 meam
314 514 554 587 calamitatem
578 524 614 582 et
636 513 822 583 adversam
844 511 1045 591 fortunam,
1069 507 1166 577 vide-
1217 507 1424 581 tristiorem.

171 622 254 692 licet
271 621 436 702 exilium,
462 616 546 711 quia
563 628 599 684 et
613 615 690 707 ipsa
707 640 743 686 es
758 613 797 683 in
810 613 942 683 misera
960 608 1166 680 conditione
1320 643 1388 717 v„
1412 646 1511 720 1217
1528 671 1544 716 s
1607 647 1679 719 M.
1818 661 1850 718 el
1931 649 1960 718 C
2080 651 2089 668 .

172 722 305 796 mni·
367 719 539 793 Germani
563 717 705 788 dim*
749 718 801 794 Qss
822 711 901 810 W
926 715 979 787 ‘in
1005 710 1081 802 em
1106 716 1166 787 ben
1219 748 1319 818 dicto
1337 695 1487 818 Christi:
1513 671 1798 840 Ldpeteiuyrdld
1825 645 2107 824 efflbusmlgffltt
2129 676 2211 724 eum

173 832 298 904 ouban
323 828 374 899 ein
389 822 602 916 &edingen
629 823 715 892 dum
740 819 820 914 quis
842 817 951 887 alium
973 816 1112 885 deridet
1126 816 1165 883 in
1801 776 1823 844 ὅ
1967 802 1976 823 ’

173 929 385 999 calamitate.
448 925 497 995 Et
519 927 733 1018 plerumque
756 922 818 1016 qui
843 919 922 991 aliis
947 918 1166 1010 exprobrant

172 1031 410 1113 calamitates,
436 1028 491 1097 illi
507 1026 705 1096 maioribus
719 1023 823 1095 malis
836 1025 1061 1093 infestantur.

273 1130 353 1206 Vas.
364 1132 517 1207 1218-
530 1129 641 1203 1216.
661 1124 775 1221 Ἡμῖν
791 1122 879 1223 etc]
897 1123 1086 1206 Omulier,
1098 1146 1165 1191 no·

170 1235 226 1317 bis
241 1250 325 1308 suut
339 1236 410 1305 alia
424 1234 538 1305 multa
553 1224 662 1331 mala,
678 1242 867 1324 postquam
885 1254 926 1298 ex
943 1225 1060 1318 patria
1075 1225 1165 1315 lugi·
1316 1208 1394 1282 Vt&
1410 1209 1509 1284 1219
1523 1237 1576 1304 sq·
1604 1208 1770 1308 Ἐχθρὸν
1785 1210 1871 1312 etc]
1900 1213 2108 1286 Dulcissimi
2133 1239 2212 1286 ver·

170 1328 272 1421 debs}
296 1340 361 1411 sed
374 1334 566 1407 nonadest
586 1328 679 1403 mihi
700 1322 1012 1425 gravisimum,
1046 1328 1164 1422 neque
1214 1310 1328 1389 (ttuli-

171 1442 335 1545 venduut
363 1464 460 1511 nos..
501 1437 615 1511 Nobis
647 1449 769 1517 tamen
799 1434 909 1505 etiam
932 1444 992 1525 ¹est
1013 1424 1163 1525 pulchra
1316 1432 1473 1505 Facilius
1491 1446 1544 1507 est
1556 1436 1679 1505 lallere
1701 1439 1856 1509 amicum
1873 1461 1987 1535 quam
2006 1437 2213 1520 inimicum

170 1534 280 1629 urbs,
300 1532 344 1612 in
368 1564 437 1637 qua
458 1541 628 1633 degamus
648 1532 850 1630 peregrini,
884 1536 950 1607 sita
972 1535 1011 1602 in
1035 1554 1164 1624 campo
1216 1532 1352 1607 amicus
1368 1538 1463 1605 enim
1477 1532 1628 1630 simplex
1647 1550 1720 1623 est,
1747 1551 1783 1611 et
1799 1541 1927 1613 caritas
1947 1536 2039 1611 nihil
2059 1538 2214 1632 suspica·

172 1641 354 1726 Latonae,
380 1643 441 1713 ubi
457 1655 509 1715 est
525 1642 699 1735 templum
712 1639 888 1712 Latonae.
938 1636 982 1707 ln
998 1636 1164 1706 Macedo·
1214 1654 1293 1719 eurr
1341 1639 1507 1711 inimicus
1528 1639 1597 1713 sibi
1619 1654 1730 1715 cavet.
1788 1640 1978 1716 Inimicum
2000 1657 2037 1714 et
2058 1645 2215 1713 malevo-

171 1747 232 1815 nia
248 1746 317 1817 luit
333 1745 421 1816 Lete
436 1746 629 1839 oppidum,
656 1758 691 1816 et
713 1744 810 1814 iuxta
835 1742 924 1812 illud
949 1739 1051 1811 valde
1075 1739 1164 1809 cele·
1212 1744 1289 1814 lum
1314 1741 1477 1834 decipere
1497 1744 1639 1815 difficile
1657 1756 1727 1829 est,
1760 1746 1914 1819 amicum
1937 1771 2024 1818 vero
2052 1746 2215 1839 decipere

170 1848 235 1924 bre
248 1852 436 1925 delubrum
450 1847 623 1920 Latonae.
674 1846 823 1919 Confert
844 1857 965 1916 autem
982 1839 1049 1933 thie
1070 1842 1165 1915 iuter
1212 1846 1282 1917 laci
1296 1849 1392 1917 least
1408 1847 1537 1919 amico.

1319 867 1403 939 Non
1419 892 1579 962 unquam
1595 871 1757 941 sedentes
1773 872 1869 961 apud
1892 872 2073 963 plorantes
2096 875 2213 946 ridea-

1219 993 1317 1050 mus;
1342 973 1403 1041 sed
1429 972 1587 1066 aliquam
1608 985 1747 1065 partem
1772 973 1907 1045 doloris
1928 976 2088 1068 ipsorum
2109 978 2214 1050 susti·

1207 1095 1388 1156 ¹neamus,
1414 1085 1449 1142 et
1462 1074 1567 1147 honis
1582 1075 1737 1145 aliorum
1751 1075 1979 1150 delectemur.
