4762 6008
160 294 252 372 sor
781 278 1655 359 nnn..uau.scn1rrarnnoooc1ca
1778 314 1785 329 κ
2136 292 2209 373 50,

175 470 375 542 bonitatem
410 460 622 541 hominum,
664 470 741 527 tum
774 466 925 547 propter
957 453 1165 523 facilitatem
1216 450 1417 538 Antonius,
1440 455 1519 527 etsi
1534 455 1597 550 qui
1614 454 1677 524 alii
1691 453 1827 526 viribus
1843 456 1916 528 suis
1938 458 2039 546 freti,
2073 465 2209 541 iniusta

176 576 292 643 victus
313 594 353 638 ac
377 561 672 657 tranquillitatem
687 559 793 628 vitae.
844 557 960 626 Primi
983 558 1079 626 enim
1101 553 1167 626 bo·
1217 566 1253 623 et
1271 556 1409 624 nefaria
1426 558 1519 627 bella
1534 570 1727 628 moverunt
1747 560 1917 630 adversus
1937 567 2211 656 rempublicam.

176 677 293 746 mines
308 682 341 740 et
357 679 486 737 natura
509 674 613 734 erant
634 657 913 754 praestantiores
937 672 1043 752 atque
1066 652 1164 728 riva·
1216 652 1459 729 Perhibentur
1473 660 1568 730 enim
1586 660 1755 751 Gigantes
1770 662 1879 733 tantis
1894 675 2041 759 tamque
2055 695 2210 761 pram.

179 779 311 855 ciores‚
337 792 446 863 quam
464 790 560 836 nuuc
576 776 678 842 sunt;
705 774 740 832 et
748 759 922 852 sapientia
935 762 1165 843 excellebant,
1217 757 1299 828 lidis
1314 761 1422 832 fuisse
1438 763 1594 847 viribus,
1626 776 1668 833 ut
1690 766 1736 833 ad
1761 769 2044 859 oppugnandum
2067 777 2210 848 coelum

173 881 214 948 id
231 876 329 971 quod
344 871 505 941 indicant
517 867 640 936 variae
657 878 751 936 artes
765 865 810 933 ab
826 864 896 934 illis
911 864 1096 942 inventae;
1130 876 1167 932 ct
1217 859 1408 933 altissimos
1421 876 1562 935 montes
1580 859 1738 938 humeris
1754 869 1827 940 suis
1842 872 2122 962 comportarint.¹
2157 882 2211 951 Ac

175 981 256 1073 pie,
296 977 408 1057 iuste,
446 982 759 1062 temperanterque
783 967 971 1050 vivebant,
1011 990 1163 1059 cumque
1217 986 1438 1058 quamquam
1467 967 1529 1034 alii
1563 992 1706 1060 quoque
1730 970 1874 1041 infimae
1896 976 2003 1045 sortis
2029 971 2209 1069 homines,

175 1081 281 1151 initio
297 1091 333 1147 ct
348 1101 409 1145 aer
424 1072 603 1145 salubrior
620 1083 729 1153 esset,
765 1083 800 1138 et
820 1082 916 1139 terra
939 1068 1165 1152 foecundior,
1216 1065 1280 1159 qui
1302 1067 1360 1135 vel
1383 1068 1421 1136 in
1445 1070 1625 1160 republica
1651 1073 1820 1144 adversus
1843 1075 1936 1167 leges
1957 1078 2127 1152 seditiose
2151 1096 2206 1155 tu-

175 1208 251 1253 non
267 1182 385 1253 solum
402 1177 486 1271 quia
504 1186 634 1243 natura
650 1170 801 1265 propior
816 1184 894 1241 erat
913 1171 1066 1262 origini,
1102 1172 1164 1241 sed
1215 1168 1459 1255 multuantur,
1486 1172 1542 1241 vel
1556 1172 1701 1264 impuro
1715 1198 1778 1244 ore
1793 1176 1952 1248 convicia
1972 1180 2010 1249 in
2026 1182 2203 1278 principes

176 1286 284 1357 etiam
302 1282 386 1376 quia
401 1279 521 1349 minus
536 1289 613 1346 erat
628 1275 823 1357 scelerum,
848 1274 963 1344 victus
984 1274 1085 1342 facile
1102 1297 1165 1366 pa·
1217 1284 1409 1355 evomunt,
1448 1275 1487 1341 in
1512 1275 1706 1366 Gigantum
1731 1302 1883 1349 numero
1916 1277 2076 1354 habendi
2106 1302 2204 1360 suot:

175 1389 344 1467 robatur,
370 1380 433 1477 qui
448 1404 544 1450 nnnc
559 1379 670 1447 multa
687 1377 823 1446 cultura
843 1388 877 1444 et
893 1399 1025 1468 magno
1040 1377 1164 1445 labore
1217 1384 1339 1443 tamen
1363 1375 1425 1468 qui
1449 1400 1524 1445 non
1548 1373 1681 1448 habent
1702 1380 1795 1450 vires
1819 1385 1999 1473 gestandis
2022 1392 2206 1465 montibus

177 1488 383 1584 quaeritur:
418 1472 623 1575 omnesque
639 1492 679 1549 ut
701 1492 804 1547 erant
824 1477 948 1564 liberi,
979 1480 1029 1547 ita
1056 1503 1163 1547 nemo
1215 1499 1341 1565 pares,
1393 1478 1452 1546 vix
1485 1478 1681 1571 Gigantum
1714 1484 1898 1555 fraterculi
1939 1488 2009 1556 dici
2042 1508 2205 1583 possunt.

175 1594 340 1661 laborum
359 1584 611 1664 sollicitudine,
636 1605 744 1650 nemo
762 1604 871 1673 opum
889 1581 1083 1673 cupiditate
1102 1605 1164 1649 an·
1215 1577 1300 1648 Non
1326 1580 1475 1649 dubium
1506 1594 1559 1652 est
1589 1595 1708 1652 autem
1740 1586 1899 1656 fabulam
1933 1588 1971 1657 iu
2003 1591 2092 1665 istos
2122 1622 2206 1667 con.

177 1695 338 1785 gebatur.
371 1687 464 1759 Hinc
481 1678 1165 1778 bonihominesapudTheocritum¹⁸)
1188 1692 1192 1779 ξ
1215 1680 1334 1748 fictam
1365 1705 1458 1766 esse,
1498 1685 1702 1780 quicunque
1734 1690 1903 1760 adversus
1932 1691 2026 1783 leges
2057 1720 2101 1766 ac
2129 1723 2206 1769 ma·

171 1788 338 1891 χρύσειοι
354 1786 555 1886 euterun),
581 1788 679 1856 aurei
696 1786 764 1854 viri
779 1786 957 1857 dicuntur.
982 1785 1164 1856 EtSocra·
1188 1782 1192 1867 ἶ
1216 1782 1401 1871 gistratum
1418 1808 1516 1854 arma
1532 1802 1695 1869 sumunt;
1728 1812 1812 1858 nam
1831 1815 1912 1862 cum
1932 1794 2100 1869 divinitus
2116 1825 2205 1871 con-

174 1911 226 1968 tes
243 1896 338 1989 apud
348 1893 536 1962 Platonem
554 1890 592 1958 in
602 1885 836 1982 Cratylo¹⁴¹):
864 1886 902 1957 Si
918 1888 997 1984 quis
1011 1886 1162 1982 (iuquit)
1188 1872 1192 1963 Ι
1214 1884 1409 1956 stituantur
1437 1891 1675 1979 respublicae,
1718 1893 1805 1986 qnid
1828 1907 1880 1964 est
1903 1896 1998 1967 aliud
2017 1901 2203 1973 adversari

173 2023 270 2071 nunc
286 2022 328 2066 ex
344 1995 476 2066 nostris
491 1996 608 2064 bonus
625 1992 691 2073 sit,
713 2015 806 2060 anne
825 2004 929 2083 putes
945 1986 1042 2061 hunc
1063 1990 1163 2060 aurei
1178 1970 1192 2105 Ι
1214 1986 1351 2077 legibus
1374 2001 1409 2058 et
1430 1993 1674 2082 magistratui,
1710 2018 1818 2087 quam
1843 1997 1911 2088 ipsi
1927 1998 2027 2069 Deo?
2077 2003 2204 2076 Potest

175 2100 313 2193 generis
335 2100 380 2167 ab
395 2097 552 2167 Hesiodo
579 2086 789 2165 aestimari?
836 2094 888 2162 Ac
913 2093 1054 2162 videtur
1074 2087 1164 2162 haec
1188 2110 1192 2145 ἓ
1215 2090 1322 2158 etiam
1344 2095 1609 2163 accommodari
1625 2098 1669 2165 ad
1687 2091 1806 2168 hostes
1822 2095 2023 2186 Ecclesiae,
2054 2107 2117 2199 qui
2142 2121 2203 2177 ant

172 2203 294 2272 fabula
316 2202 359 2269 de
385 2211 541 2293 quatuor
566 2196 740 2265 aetatibus
761 2208 846 2264 nata
861 2219 912 2287 'ex
926 2194 1086 2265 Danielis
1108 2190 1164 2263 hi·
1187 2150 1191 2269 1
1214 2191 1302 2260 falsa
1320 2192 1502 2280 doctrina,
1530 2209 1590 2265 ant
1606 2198 1643 2265 vi
1660 2212 1836 2269 conantur
1848 2201 2063 2276 labefactare
2078 2231 2200 2279 veram

173 2303 285 2376 storia
302 2303 346 2370 de
363 2300 422 2368 illa
444 2313 558 2371 statua
583 2298 620 2366 in
644 2321 772 2367 somno
797 2321 816 2365 a
841 2321 924 2389 rege
949 2296 1098 2392 visa¹³),
1124 2298 1163 2365 in
1186 2272 1191 2445 ἱ
1214 2293 1436 2385 religionem.
1504 2298 1632 2368 Sacrae
1658 2301 1798 2371 litterae
1822 2306 1919 2374 enim
1942 2318 2120 2379 testantur
2140 2311 2200 2382 Gi·
2225 2302 2228 2307 ¹

173 2431 244 2502 qua
268 2403 384 2497 prima
409 2394 620 2471 monarchia
648 2399 810 2492 pingitur
838 2423 968 2483 aurea,
1008 2402 1161 2471 secunda
1214 2408 1338 2485 gantes
1352 2399 1459 2470 fuisse
1473 2395 1639 2472 homines
1654 2427 1674 2470 a
1691 2427 1778 2473 vero
1794 2404 1862 2476 Dei
1881 2408 1979 2479 cultu
2000 2423 2036 2480 et
2057 2436 2076 2480 a
2100 2412 2200 2483 iusti·

173 2519 362 2601 argentea‚
402 2503 508 2575 tertia
531 2526 661 2585 aenea,
704 2514 831 2595 quarta
864 2504 997 2571 ferrea:
1039 2514 1161 2597 estque
1213 2499 1262 2566 tia
1278 2499 1426 2572 alienos.
1477 2501 1543 2575 Est
1556 2504 1666 2595 igitur
1681 2505 1719 2574 iu
1736 2501 1804 2576 hac
1818 2510 1938 2581 fabula
1953 2514 2112 2599 coelum,
2143 2516 2198 2585 vel

171 2609 386 2692 verisimile,
418 2603 513 2677 hanc
535 2606 650 2700 ipsam
674 2599 864 2674 historiam
886 2604 1031 2676 Graecis
1054 2605 1161 2683 fuisse
1212 2603 1431 2691 respublica,
1464 2607 1520 2674 vel
1542 2604 1718 2688 Ecclesia;
1758 2607 1893 2702 lupiter
1916 2638 2105 2706 supremus
2127 2642 2198 2686 rna·

171 2736 247 2781 non
290 2712 472 2803 ignotam,
518 2719 643 2802 utpote
679 2704 741 2800 qui
772 2706 925 2777 multum
955 2707 1162 2778 commercii
1186 2759 1188 2765 .
1212 2702 1398 2792 gistratus;
1433 2705 1624 2798 Gigantes,
1658 2711 1715 2779 vel
1729 2710 1822 2785 cives
1837 2714 2016 2799 seditiosi,
2044 2720 2102 2787 vel
2117 2716 2197 2789 hae·

171 2814 258 2884 olim
273 2839 353 2885 curn
368 2810 552 2907 Aegyptiis
568 2805 785 2880 habuerunt.
1212 2805 1334 2888 retici,
1360 2808 1418 2877 vel
1432 2812 1594 2901 tyranni,
1628 2813 1691 2908 qui
1712 2836 1837 2885 mantis
1859 2814 2018 2885 inserunt
2042 2820 2133 2909 piis,
2165 2834 2198 2890 et

1210 2904 1344 2978 iniusta
1361 2911 1546 2994 sanciunt;
1579 2931 1718 2986 montes
1742 2916 1786 2985 ad
1810 2919 2090 3010 oppugnandum
2116 2945 2197 2991 coe-

1211 3007 1287 3080 lum
1315 3014 1493 3103 congesti,
1527 3032 1676 3088 conatus
1703 3020 1903 3103 temerarii,
1942 3032 1977 3089 et
2007 3021 2198 3111 opiniones

1211 3110 1362 3203 impiae;
1388 3115 1525 3188 fulmen
1541 3117 1655 3203 lovis,
1681 3120 1805 3191 divina
1821 3122 1922 3193 ultio.
1962 3122 2056 3194 Nam
2073 3148 2197 3197 omnes

1210 3214 1412 3305 puniuntur
1426 3218 1608 3304 divinitus,
1624 3247 1666 3291 ac
1674 3223 1823 3315 perinde
1834 3224 2052 3314 utGigautes
2065 3221 2197 3297 liabent

1211 3315 1328 3387 tristes
1345 3319 1474 3406 exitus,
1500 3324 1704 3418 quicunque
1720 3341 1845 3397 contra
1858 3326 2016 3419 legitima
2032 3326 2197 3421 imperia,

302 2999 532 3069 Saturnus
558 2996 724 3067 missus
750 2996 796 3064 in
823 2996 1032 3066 Tartara.

221 3151 283 3220 Vs.
308 3152 392 3221 113.
431 3155 614 3243 Postquam
636 3153 789 3221 Saturno
811 3151 984 3218 teraedroso
1006 3152 1042 3217 ia
1070 3154 1161 3219 Tar-

576 3261 656 3320 toro
678 3253 791 3320 misso.

260 3383 410 3455 Occasio
424 3382 568 3452 fabulae
582 3383 627 3452 de
640 3383 797 3454 Saturno
814 3381 924 3454 misso
940 3384 979 3453 in
988 3384 1158 3470 Tartara,

169 3501 312 3581 sumpta
329 3498 382 3557 est
398 3510 440 3569 er
453 3485 699 3576 profunditate
715 3485 820 3556 aeris.
871 3485 1046 3559 Saturnus
1062 3489 1158 3559 enim

168 3604 338 3663 movetur
368 3588 781 3679 omnium'planetarum
806 3600 1003 3674 extremus,
1037 3604 1158 3685 estque

165 3693 373 3785 longissime
389 3691 575 3761 submotus
591 3714 610 3759 a
628 3703 743 3770 terra;
771 3691 944 3782 elingens
968 3693 1059 3763 coeli
1079 3693 1159 3763 alti-

169 3799 258 3869 tudo
290 3792 493 3888 appellatur
513 3790 701 3864 Tartarus.
767 3790 842 3864 Nec
864 3795 967 3863 facile
995 3795 1158 3865 animad-

167 3899 322 3971 vertitur
348 3897 445 3968 illius
473 3908 614 3982 motus,
653 3920 734 3966 curn
771 3896 847 3986 ipse
870 3896 910 3965 in
933 3899 1155 3967 conficiendo

154 4026 274 4073 «eursu
288 4001 337 4069 ita
359 3998 476 4089 segnis
497 3998 543 4067 sit
565 4000 769 4079 actardus,
802 4009 843 4068 ut
863 3998 968 4090 quasi
987 4012 1083 4071 stare
1104 4000 1157 4068 ri-

166 4106 311 4174 deatur:
337 4103 434 4171 unde
457 4100 564 4169 etiam
585 4100 732 4189 fingitur
752 4120 827 4168 esse
851 4097 890 4167 in
912 4102 1157 4192 compedibus,

166 4217 210 4275 ut
223 4206 333 4273 refert
347 4200 529 4271 Lucienus
546 4200 585 4267 in
603 4200 723 4269 libello
742 4202 786 4268 de
799 4202 1019 4294 Astrologia.

473 4366 538 4439 De
564 4366 855 4461 Gigantibus.

217 4522 281 4597 Vs.
303 4519 387 4597 152.
427 4522 611 4613 ,1111616666
636 4521 755 4611 ferunt
774 4548 917 4614 regnum
940 4527 1075 4596 66616616
1091 4532 1156 4600 (16·-

594 4635 727 4717 mes.

269 4740 569 4841 Gigantomachia
586 4756 705 4839 potest
723 4747 988 4817 accommodari
1007 4749 1052 4818 ad
1071 4772 1154 4819 con·

167 4852 402 4947 spirationem
438 4844 628 4919 hominum·
656 4846 696 4917 in
730 4847 911 4943 republica
938 4864 1167 4943 praepoten·;

157 4950 261 5041 'tumz
286 4954 410 5051 quales
426 4954 512 5024 olim
528 4953 674 5022 fuerunt
683 4950 793 5047 Sylla,
819 4952 970 5040 Marius,
986 4952 1166 5040 Catilina,

202 5227 251 5291 ¹⁸)
268 5229 405 5281 111666ιί1.
423 5230 507 5292 ldyll.
524 5230 588 5289 xtt,
608 5231 649 5281 16.

201 5317 249 5375 tt)
269 5306 395 5379 χρύσειοι
409 5308 522 5380 ἄνδρες]
539 5316 607 5365 1666
619 5318 707 5366 veros
715 5316 1027 5387 transducerent
1040 5323 1149 5377 6161666.

202 5399 267 5466 w)
287 5400 358 5451 etot.
378 5411 440 5462 opp.
460 5400 502 5452 etl.
521 5401 555 5453 11.
573 5402 666 5464 stom
684 5402 715 5456 1.
729 5403 751 5455 1.
769 5404 910 5468 118961.

201 5490 248 5547 161
267 5489 335 5539 Dan.
349 5490 377 5553 2,
397 5487 429 5538 ³1
448 5501 508 5551 sqq.

1211 3418 1341 3510 quibus
1355 3422 1504 3493 subiecti
1531 3450 1605 3496 esse
1625 3429 1774 3513 debent,
1807 3454 1906 3499 arma
1931 3430 2100 3521 capiunt,
2136 3444 2197 3503 aut

1210 3520 1273 3613 qui
1304 3521 1421 3593 delere
1450 3523 1644 3597 Ecclesiam
1676 3544 1873 3616 conantur,
1913 3532 2005 3604 sicut
2035 3533 2195 3625 exempla

1211 3620 1405 3708 Catilinae,
1430 3626 1554 3713 Bruti,
1581 3630 1715 3717 Cassii,
1741 3632 1958 3705 Diocletiani
1983 3646 2019 3704 et
2038 3635 2192 3707 aliorum

1211 3727 1416 3797 ostendunt.

1309 3828 1360 3899 Ut
1374 3854 1460 3901 vero
1475 3845 1601 3923 poetae
1624 3837 1711 3907 tales
1734 3849 1879 3931 tamque
1902 3838 2059 3909 nefarios
2081 3834 2196 3909 bomi-

1208 3952 1272 4001 nes
1287 3931 1550 4005 detestarentur
1573 3934 1747 4032 tanquam
1774 3952 1956 4025 monstra,
1980 3942 2197 4013 affinxerunt

1209 4031 1423 4122 Gigantibus
1438 4039 1544 4127 pedes
1559 4041 1748 4131 anguinos.
1797 4038 1899 4114 Nihil
1922 4056 1974 4115 est
1995 4043 2095 4113 enim
2121 4056 2195 4113 tam

1207 4133 1378 4220 immane,
1399 4150 1472 4207 tam
1488 4152 1743 4228 monstrosum,
1763 4169 1871 4238 quam
1888 4146 2195 4228 adver-susorum,

1209 4238 1378 4310 adversus
1393 4241 1585 4332 pietatem,
1611 4249 1780 4319 adversus
1795 4249 2065 4340 magistratum,
2089 4251 2194 4338 leges,

1208 4338 1264 4413 ius
1286 4353 1322 4411 et
1341 4364 1519 4436 aequum,
1552 4346 1689 4440 aliquid
1711 4350 1843 4423 moliri.
1901 4347 2106 4423 loacbimus
2127 4348 2194 4421 Ca-

1208 4441 1402 4528 merarius,
1430 4446 1485 4517 vir
1502 4448 1603 4518 omni
1624 4451 1788 4522 doctrina
1812 4453 1993 4537 eruditus,
2018 4451 2194 4545 anguinos

1207 4542 1401 4636 Gigantum
1417 4551 1525 4638 pedes
1542 4554 1689 4644 exponit
1704 4556 1748 4623 de
1770 4555 1946 4647 improbis
1967 4554 2193 4638 consiliariis,

1207 4671 1363 4741 quorum
1377 4652 1475 4742 turpi
1491 4656 1749 4728 sustentatione
1770 4659 1915 4751 tyranni
1934 4672 2110 4753 tanquam
2133 4682 2193 4751 pe·

1206 4747 1310 4823 dibus
1331 4750 1506 4826 nitunlur.

1305 4851 1414 4929 Extat
1428 4854 1546 4930 lsrohi
1559 4859 1720 4931 Sadoleti
1741 4862 1832 4933 liber
1856 4864 1900 4935 de
1921 4862 2089 4935 laudibus
2114 4857 2191 4955 pbi-

1204 4952 1409 5050 losophiae,
1449 4963 1510 5055 qui
1539 4961 1801 5063 inscribitur¹⁸)
1824 4962 2010 5039 Phaedrus
2020 4966 2092 5063 ¹²),
2132 4966 2191 5037 ubi

1239 5258 1285 5326 ts)
1304 5262 1350 5324 qul
1367 5258 1540 5329 lnsorlbltur]
1559 5262 1599 5314 slo
1616 5265 1899 5334 16616111.1666.6.;
1923 5266 2009 5321 rotet.
2028 5270 2105 5321 1666.
2118 5281 2144 5321 r.
2160 5272 2185 5319 et

1232 5388 1237 5393 ,
1274 5330 1351 5381 1669.
1368 5331 1454 5382 nale:
1477 5332 1543 5395 quin
1558 5333 1696 5386 scribitur.

1239 5430 1287 5489 ta)
1307 5430 1357 5481 1116
1369 5431 1490 5482 86161611
1510 5431 1567 5498 (ts.
1582 5433 1722 5488 1611177.
1739 5436 1875 5488 Modoura
1887 5437 1963 5503 6611,
1984 5440 2024 5491 tu
2035 5437 2180 5494 0611611.

1269 5502 1374 5552 1161666
1390 5501 1508 5559 mortut)
1526 5503 1596 5585 ttber
1614 5504 1764 5568 tuscrtptus
1783 5507 1948 5572 „Plancus
1964 5521 1988 5558 s.
2006 5508 2179 5561 1616611666
