4762 6008
175 280 258 359 ,stt
616 273 801 347 LXXXIII.
854 272 1252 347 tu'ruurttara‘rto
1275 270 1560 345 NEMEORUM
1583 267 1793 343 PINDARI.
2133 270 2210 348 242

184 453 293 524 corda
323 448 444 518 minus
471 445 688 519 cruciantur.
747 445 841 540 (Str.
859 445 913 541 4.)
948 446 1053 516 Stetit
1075 468 1172 533 ergo,
1196 472 1200 523 ς
1222 443 1372 513 fluvium
1386 442 1547 534 Asopum
1564 455 1648 514 sunt
1661 443 1808 514 iuvenes
1825 440 2025 513 carminum
2048 440 2210 527 artifices,

182 567 329 645 stupens
344 564 443 621 metu
458 561 494 618 ει
508 549 656 620 laetitia.
707 546 809 618 Vidit
831 551 924 619 enim
943 549 1171 619 excellentem
1196 538 1199 571 ³
1223 557 1321 616 tuam
1346 569 1470 616 vocem
1495 557 1719 638 quaerentes.
1776 545 1878 615 Alius
1900 544 1999 615 aliud
2023 545 2208 635 negotium

183 657 382 739 animum,-
399 646 703 724 et'lortitudincm
724 651 802 723 lilii.
850 650 904 722 Ac
921 649 984 720 Dii
1002 653 1171 730 fecerant,
1196 620 1200 671 ¹
1223 646 1365 738 expetit.
1424 646 1551 717 Victor
1579 660 1699 718 autem
1730 648 1886 719 maxime
1923 670 2069 716 carmen
2099 659 2209 766 amat,

180 771 225 827 ut
256 759 395 829 videret
427 756 628 839 contraria,
667 777 776 848 quam
809 754 973 825 nuntiata
1016 755 1170 824 fuerant.
1195 748 1198 805 i
1221 750 1354 819 sociam
1368 772 1586 820 coronarum
1607 762 1642 818 et
1655 750 1902 835 victoriarum,
1929 748 2029 842 (Aac.
2046 745 2096 845 1.)
2110 770 2209 820 curus

181 858 336 930 Vocavit
358 869 477 929 autem
502 856 680 928 Tiresiam
704 856 863 927 vicinum
894 869 1026 928 vatem.
1089 854 1170 937 llic,
1222 853 1363 943 copiam
1384 852 1522 922 tribuas
1544 849 1655 936 mihi,
1681 877 1703 921 o
1719 852 1836 924 Musa.
1887 850 2006 946 Incipe
2026 852 2065 921 in
2088 863 2207 922 mente

180 986 277 1055 quae
309 972 481 1031 eventura
513 972 630 1031 essent
658 955 918 1052 Amphitryoni
944 972 981 1029 et
1010 957 1170 1040 caeteris,
1220 978 1300 1025 mea
1316 950 1492 1047 hymnum
1514 955 1586 1023 lilia
1612 954 1701 1024 coeli
1727 956 1901 1045 potentis;
1927 979 1993 1047 ego
2010 979 2096 1025 vero
2112 979 2208 1025 eorn-

179 1062 394 1133 vaticinatus
416 1076 487 1133 est:
527 1063 630 1157 (Ant.
649 1059 703 1157 4.)
728 1064 827 1156 quod
852 1062 1010 1132 interra
1036 1060 1169 1130 occisu-
1220 1057 1411 1128 municabo
1433 1081 1514 1127 eum
1538 1057 1682 1127 illorum
1707 1060 1951 1153 sermonibus,
1976 1071 2012 1128 et
2032 1059 2148 1153 lyrae,
2172 1071 2208 1129 et

177 1188 241 1237 rus
271 1180 384 1249 esset,
418 1176 456 1234 et
484 1164 523 1232 in
552 1164 665 1248 mari,
705 1165 923 1256 perniciosas
943 1163 1095 1243 belluam
1134 1174 1169 1231 et
1220 1156 1367 1231 habebit
1396 1159 1535 1229 dulcem
1560 1160 1743 1244 laborem,
1785 1160 2015 1233 simulacrum
2049 1162 2207 1255 regionis

178 1270 359 1361 quendam
377 1292 458 1338 cum
477 1265 623 1359 obliqua
644 1266 811 1358 superbia
833 1267 1075 1348 incedentem,
1100 1267 1169 1332 ini·
1192 1288 1196 1351 j
1220 1262 1490 1355 Myrmidonum
1505 1262 1558 1355 ⁴),
1591 1287 1746 1356 quorum
1772 1264 1961 1358 antiquum
1983 1268 2102 1336 forum
2129 1292 2206 1340 non

176 1370 412 1441 mitissimum
441 1368 584 1452 virum,
616 1369 707 1437 dixit
738 1368 938 1460 periturum
969 1392 1056 1439 esse.
1121 1365 1169 1436 Et
1192 1360 1195 1415 I
1219 1366 1447 1435 dedecoravit
1483 1363 1734 1447 Aristoclides,
1776 1390 1842 1437 suo
1873 1367 1953 1437 loco
1994 1365 2074 1460 (Ep.
2091 1370 2141 1466 1.)
2166 1374 2205 1444 in

174 1473 327 1564 'quando
350 1471 412 1540 Dii
434 1470 473 1538 in
499 1492 627 1563 campo
648 1466 825 1563 Phlegrae
852 1472 1065 1564 pugnabunt
1086 1494 1167 1539 cum
1191 1468 1396 1599 'pancratii
1420 1467 1632 1538 exercitatus
1659 1468 1865 1540 certamine.
1936 1469 2055 1541 Habet
2084 1488 2204 1545 autem

176 1573 410 1663 Gigantibus,
435 1594 538 1642 coma
554 1572 629 1644 eius
649 1573 718 1642 erit
741 1576 989 1665 pulverulenta
1010 1595 1096 1665 prae
1116 1585 1168 1641 te-
1190 1602 1195 1639 ι
1219 1569 1425 1652 victoriam,
1466 1570 1568 1639 dulce
1601 1570 1799 1640 remedium
1840 1573 1986 1645 laboris.
2051 1572 2090 1642 Si
2124 1578 2204 1670 quis

171 1675 298 1743 lorum
316 1677 426 1745 iactu.
485 1676 566 1769 (Ep.
580 1673 633 1771 4.)
664 1675 849 1747 Praedixit
869 1677 998 1759 etiam,
1025 1699 1106 1746 eum
1127 1674 1167 1741 in
1190 1648 1194 1689 ¹
1219 1684 1338 1741 autern
1363 1667 1512 1763 pulcher
1534 1684 1607 1755 est,
1631 1686 1667 1742 et
1689 1673 1774 1743 lacit
1795 1676 2029 1767 congruentia
2052 1676 2204 1765 formae,

174 1798 265 1867 pace
297 1778 396 1845 omni
431 1787 595 1871 tempore
626 1778 800 1850 continuo
832 1793 1060 1871 accepturum
1092 1800 1166 1847 esse
1217 1786 1254 1844 et
1275 1774 1422 1845 accessit
1448 1777 1494 1844 ad
1524 1774 1751 1844 excellentem
1784 1776 1972 1864 virtutem,
2014 1802 2090 1849 non
2113 1782 2203 1853 ulte-

176 1878 503 1970 compensationem
534 1881 768 1976 tranquillam
798 1883 966 1952 laborum
992 1882 1030 1950 io
1052 1879 1165 1963 coelo,

177 1979 303 2050 IIeben
325 1982 532 2073 coniugem3
576 1996 611 2054 et
631 1985 776 2077 nuptias
801 1986 1062 2055 celebraturum
1091 2006 1164 2053 esse

176 2086 273 2176 apud
288 2081 429 2168 Iovem,
455 2098 491 2156 et
503 2086 735 2158 laudaturum
753 2102 915 2158 sanctam
929 2090 1091 2159 domum.

584 2254 676 2338 (Ide
705 2240 765 2341 lt

226 2389 465 2457 Tisssodemo
486 2386 690 2454 Atheniensi
697 2435 709 2466 ,
735 2390 858 2455 os'ctori
874 2391 913 2456 s‘a
923 2390 1118 2474 pancratio.

278 2519 371 2610 (sss.
394 2515 445 2612 1.)
471 2514 522 2584 Ut
544 2514 762 2584 Homeridae
787 2517 999 2611 plerumque
1020 2528 1167 2587 sumunt

168 2617 319 2687 initium
335 2616 534 2687 carminum
552 2640 572 2685 a
591 2614 694 2685 Iove:
720 2617 771 2687 sie
791 2619 856 2689 iste
878 2619 936 2688 vir
954 2620 1165 2690 fundamen-

169 2732 253 2788 tum
281 2720 517 2789 certaminum
540 2731 576 2787 et
600 2719 833 2789 victoriarum
858 2723 1010 2815 sumpsit
1032 2721 1164 2805 inluco

167 2819 267 2891 Iovis
285 2820 469 2893 Nemeaei.
522 2818 613 2915 (ser.
629 2822 685 2918 2.)
711 2819 864 2892 Debitor
887 2838 1008 2895 autem
1033 2837 1085 2895 est
1101 2846 1166 2915 pa-

169 2922 277 2993 triae.
330 2921 369 2993 Si
389 2922 533 3017 quidem
555 2924 593 2992 in
615 2924 674 2993 via
695 2948 777 2994 eum
805 2937 902 2998 aetas
935 2928 1034 2996 dedit
1059 2949 1165 2997 orna-

169 3038 336 3095 mentum
359 3024 499 3116 magnis
513 3023 684 3110 Athenis,
709 3041 749 3097 ut
773 3052 879 3120 saepe
903 3031 1071 3121 decerpat
1090 3030 1165 3098 Iru-

170 3138 250 3197 ctus
265 3122 496 3198 Isthmiorum
518 3141 553 3198 et
568 3126 797 3223 Pythiorum.
841 3130 1018 3223 Congruit
1033 3144 1165 3215 autern,

171 3226 267 3321 (Str.
280 3229 334 3326 S.)
361 3253 437 3300 non
450 3232 576 3324 procul
600 3256 620 3301 a
638 3230 843 3303 Pleiadibus
859 3236 1041 3306 montanis
1058 3232 1166 3304 Orio·

170 3354 259 3401 nem
282 3332 459 3405 incedere.
526 3330 574 3404 At
590 3334 742 3405 Salamis
764 3336 903 3407 nutrire
921 3337 1041 3410 virum
1064 3335 1165 3406 belli-

172 3456 297 3503 cosum
318 3448 455 3528 potest,
489 3437 528 3506 in
543 3436 656 3507 Troia
680 3434 814 3508 Ilector
844 3438 983 3509 audivit
1005 3440 1165 3511 Aiacem.

176 3534 234 3605 Τε
244 3560 330 3607 vero
342 3538 523 3610 laboriosa
532 3540 682 3610 victoria
695 3542 901 3632 pancratiae
912 3543 998 3613 lacit
1012 3541 1103 3641 (Str.
1112 3541 1166 3638 4.)

176 3638 264 3708 inde
305 3642 463 3737 abusque
498 3654 684 3715 vetustate.
749 3639 1051 3739 Acharnensesij
1084 3656 1168 3716 sunt

177 3740 252 3809 viri
265 3741 388 3826 fortes,
413 3758 448 3813 et
462 3759 614 3815 narrant
629 3744 823 3815 certamina
840 3759 977 3815 vestrae
994 3745 1169 3824 familiaes

177 3855 338 3937 quatuor
356 3845 451 3912 enim
469 3842 637 3915 'victorias
653 3850 749 3938 apud
765 3848 983 3919 Parnassum
1006 3860 1170 3941 reporta-

176 3946 234 4011 vit
268 3965 312 4011 ex
342 3941 560 4029 Corinthiis,
606 3945 697 4040 (sss.
719 3944 772 4042 6.)
794 3951 833 4017 in
861 3950 994 4039 angulo
1023 3947 1169 4042 Pelopis

177 4056 263 4117 octo
281 4067 452 4133 coronas,
476 4046 611 4138 sepIem
626 4050 665 4117 in
678 4046 841 4131 Nemeis3
868 4050 968 4121 domi
983 4076 1069 4123 cero
1090 4052 1169 4145 plu·

176 4170 237 4217 res
261 4170 370 4241 quam
391 4161 432 4218 ut
454 4151 819 4243 numeraripossint,
861 4152 901 4222 in
924 4152 1019 4229 Iovis
1041 4174 1168 4248 agone.

177 4248 278 4319 llaec
290 4250 407 4320 canite
423 4251 659 4338 Timodemo,
685 4276 765 4323 cum
781 4254 939 4346 glorioso
951 4259 1087 4329 reditu:
1114 4258 1170 4329 iu·

181 4349 287 4444 cipite
304 4352 401 4435 dulci
419 4378 517 4427 voce.

579 4546 671 4632 Ode
701 4544 778 4630 111.

206 4672 512 4748 Aristocls‘dae
532 4682 735 4770 aeginetae,
764 4681 884 4749 victori
899 4684 936 4749 iu
948 4685 1158 4769 pomata:

286 4804 377 4897 (Str.
399 4811 449 4908 1.)
485 4813 519 4882 Ο
550 4816 754 4885 veneranda
783 4813 886 4885 Musa
911 4826 1045 4900 mater,
1085 4840 1168 4909 sup·

179 4905 300 4999 plico,
332 4921 372 4978 ut
400 4935 458 4985 eas
488 4912 771 5012 inhospitalem
803 4916 956 4989 insulam
981 4918 1168 5010 Aeginam,

180 5004 253 5081 hoc
270 5032 373 5082 sacro
390 5038 530 5104 mense,
560 5046 635 5115 quo
650 5022 875 5092 celebrantur
889 5019 1043 5093 Nemea:
1071 5024 1167 5113 apud

216 5204 249 5274 ⁸)
266 5208 332 5259 Inde
349 5212 473 5277 abusque
490 5216 639 5266 vetustate.
670 5218 866 5268 Acharneuses
884 5213 949 5281 (aa.
968 5216 1042 5267 tatu
1076 5220 1168 5281 ,topr-

250 5276 384 5344 nsnses)]
401 5282 443 5331 stc
459 5284 509 5333 tto.
523 5284 615 5345 totth,
633 5286 682 5335 Ed.
700 5284 768 5335 tm
793 5286 881 5347 abque
896 5288 1042 5337 vetustate.
1076 5276 1169 5337 brar·

251 5359 373 5412 nenses3
408 5351 511 5415 usyou
542 5358 571 5400 et
596 5354 724 5403 assetur
748 5355 877 5414 interpr:
909 5356 1054 5405 Acharrae
1077 5360 1169 5407 auten

250 5416 420 5481 anthuttus3
438 5419 513 5471 etat.
524 5412 660 5487 Ἀχάρναι
679 5416 708 5473 dl
723 5419 897 5489 παλαίφατοι
913 5422 1012 5489 (atter.
1021 5423 1167 5493 antiquior.

250 5480 458 5555 παλαίφατον).
686 5504 689 5509 ·
915 5490 918 5495 ’
1014 5496 1070 5533 ·ϊ”·

180 5564 366 5635 lessam.
387 5570 496 5639 Orsa.
516 5574 601 5637 vor..
623 5574 713 5639 xtx.

1218 1876 1344 1973 rius“)
1377 1876 1481 1947 facile
1510 1890 1562 1947 est
1592 1878 1756 1948 traiicere
1779 1904 1880 1950 mare
1903 1884 1997 1952 ultra
2018 1881 2202 1957 columnas

1217 1978 1398 2062 Herculis,
1433 1980 1524 2071 (Str.
1537 1979 1592 2073 2.)
1614 2006 1703 2073 quas
1717 1979 1833 2053 Heros
1855 1997 2032 2055 extremae
2054 1988 2202 2079 naviga-

1217 2079 1325 2151 tionis
1340 2093 1444 2153 testes
1461 2083 1600 2174 posuit,
1625 2084 1688 2177 qui
1704 2086 1855 2175 grandes
1871 2088 2007 2160 belluas
2021 2088 2059 2157 in
2074 2091 2200 2182 pelago

1217 2183 1379 2267 domuit,
1424 2197 1461 2252 et
1494 2184 1645 2278 proprio
1682 2187 1805 2258 labore
1844 2201 2053 2282 stagnorum
2085 2192 2202 2266 fluxus

1215 2298 1392 2357 scrutatus
1414 2300 1487 2371 est,
1510 2290 1574 2358 ubi
1588 2291 1827 2361 descenditad
1848 2294 1956 2365 finem
1973 2296 2201 2369 reducentem

1218 2383 1401 2470 homines,
1428 2402 1464 2457 et
1478 2400 1597 2459 terrae
1613 2405 1725 2465 metas
1741 2396 1908 2468 ostendit.
1958 2396 2027 2467 Sed
2050 2399 2138 2493 quid
2152 2401 2200 2469 ad

1217 2486 1373 2555 alienum
1399 2494 1690 2580 promontorium
1714 2498 1886 2569 deflexisti
1904 2524 2022 2570 meum
2044 2525 2200 2586 cursum,

1217 2588 1407 2684 anime⁰)?
1454 2590 1558 2663 Nunc
1588 2598 1682 2665 enim
1714 2601 1797 2669 volo
1832 2602 2011 2673 celebrare
2030 2603 2200 2688 Aeacum,

1218 2701 1253 2759 et
1268 2690 1344 2761 eius
1359 2716 1481 2782 genus.
1528 2695 1612 2766 Flos
1630 2700 1723 2767 enim
1740 2716 1793 2772 est
1806 2702 1889 2773 iusti
1903 2707 2099 2789 sermonis,
2124 2708 2201 2778 lau-

1217 2794 1302 2862 dare
1324 2796 1452 2865 bonos.
1510 2792 1612 2889 (Ass.
1627 2801 1681 2894 2.)
1706 2800 1781 2873 Nec
1808 2799 1980 2877 honestus
2007 2831 2111 2876 amor
2136 2821 2201 2892 est,

1217 2896 1342 2965 alienis
1370 2899 1538 2970 laudibus
1566 2927 1786 2999 quemquam
1812 2929 1963 2987 ornare;
1995 2911 2058 2979 sed
2077 2910 2201 2979 dome-

1217 3000 1303 3067 stica
1313 3023 1458 3092 quaere.
1484 3000 1604 3073 Habes
1621 3020 1740 3076 autem
1752 3009 1941 3100 proprium
1957 3012 2081 3095 decus,
2104 3012 2204 3106 quod

1217 3101 1319 3170 dulce
1341 3114 1393 3172 est
1413 3105 1632 3194 praedicare.
1683 3109 1812 3180 Peleus
1831 3113 1989 3207 antiquis
2003 3114 2077 3186 suis
2091 3114 2203 3183 victo·

1217 3204 1280 3274 riis
1300 3204 1453 3277 laetatus
1477 3219 1548 3291 est,
1583 3234 1662 3280 cum
1687 3214 1856 3285 secuisset
1877 3211 2015 3287 hastam
2033 3216 2205 3288 excellen-

1217 3319 1306 3376 tem:
1332 3307 1395 3400 qui
1412 3310 1507 3400 cepit
1521 3308 1655 3383 Iolcum
1670 3316 1768 3387 solus
1784 3316 1860 3387 sine
1878 3321 2054 3406 exercitu,
2080 3333 2116 3390 et
2128 3344 2205 3392 ma-

1217 3408 1335 3478 rinam
1352 3405 1485 3481 Thetin
1505 3413 1778 3507 comprehendit
1798 3442 1879 3489 curn
1901 3424 2035 3495 labore.
2085 3420 2205 3495 Fortis
2297 3478 2305 3499 .

1219 3525 1337 3580 autem
1358 3512 1555 3599 Telamon,
1589 3521 1786 3591 commilito
1810 3518 1918 3606 Iolai,
1953 3525 2038 3594 vicit
2052 3523 2205 3595 Laome-

1219 3617 1385 3695 dontem,
1425 3613 1507 3708 (Ep.
1529 3617 1584 3711 2.)
1612 3631 1647 3689 et
1680 3627 1726 3689 ad
1760 3626 1951 3693 exercitum
1977 3628 2204 3697 Amazonum

1221 3714 1398 3801 proiectus
1424 3729 1495 3798 est,
1530 3742 1648 3813 neque
1679 3746 1838 3815 unquam
1871 3726 1981 3795 timor
2011 3728 2145 3821 expulit
2171 3729 2206 3798 ei

1219 3812 1467 3884 fortitudinem
1502 3819 1626 3892 animi.
1684 3822 1850 3896 Naturali
1887 3829 2018 3899 virtute
2054 3830 2205 3925 quisque

1220 3938 1370 4007 magnus
1384 3930 1448 3989 est.
1498 3920 1569 3991 Sed
1589 3923 1653 4018 qui
1667 3937 1807 3996 tantum
1825 3928 1986 4000 doctrina
2003 3931 2116 4017 valet,
2142 3934 2207 4003 ob-

1219 4042 1343 4090 scurus
1359 4034 1431 4104 est,
1456 4021 1542 4094 aliis
1559 4027 1628 4095 alia
1646 4028 1810 4119 spirans,
1836 4043 1872 4099 et
1888 4054 2073 4127 nunquam
2094 4034 2207 4106 felici·

1220 4135 1275 4192 ter
1295 4124 1401 4193 lirino
1424 4124 1557 4195 incedit
1579 4130 1689 4219 pede,
1715 4144 1750 4200 et
1763 4132 1930 4203 imbecilli
1949 4136 2071 4207 animo
2088 4150 2207 4230 gustat

1221 4225 1341 4297 varias
1362 4227 1522 4299 virtutes.
1583 4232 1676 4325 (Str.
1699 4231 1753 4327 d.)
1777 4231 1934 4310 Achilles
1965 4252 2084 4310 autem
2115 4264 2205 4334 puer

1221 4326 1259 4395 in
1278 4330 1389 4399 domo
1411 4326 1581 4423 Philyrae
1607 4360 1776 4420 maneus,
1812 4340 1939 4410 crebro
1959 4341 2045 4413 lusit
2065 4342 2205 4434 magnis

1220 4432 1408 4520 operibus,
1446 4433 1590 4506 vibrans
1610 4460 1719 4527 grave
1739 4440 1894 4511 iaculum
1924 4444 2040 4514 simile
2071 4444 2204 4516 ventis:

1221 4546 1257 4600 et
1280 4558 1398 4624 pugna
1423 4536 1554 4606 occidit
1575 4537 1696 4637 leones
1722 4554 1758 4611 et
1778 4566 1906 4634 apros,
1940 4569 2093 4636 corpora
2117 4568 2203 4615 vero

1221 4636 1267 4703 ad
1284 4636 1493 4707 Saturnium
1509 4652 1718 4712 centaurum
1736 4640 1941 4715 anhelantia
1958 4647 2095 4729 attulit,
2120 4669 2202 4716 cum

1220 4739 1384 4812 sexennis
1398 4734 1515 4811 adhuc
1531 4755 1631 4815 esset.
1683 4743 1779 4816 Τοιο
1803 4748 1932 4819 deinde
1955 4759 2117 4838 tempore
2135 4747 2205 4816 mi-

1254 4941 2204 5085 “statttatuttusts'aftttuatium

1289 5090 1359 5130 vero
1377 5080 1487 5131 tsbsttt
1502 5083 1624 5132 tabere·
1640 5082 1731 5139 (tusc
1747 5078 1881 5139 Imaum
1898 5084 2006 5141 murs)
2028 5082 2138 5136 tosutss
2154 5086 2205 5137 ds-

1289 5161 1339 5199 our
1354 5150 1513 5215 (Asptu),
1533 5146 1725 5211 rtyrntaoner
1743 5150 1788 5201 ubl
1806 5150 1890 5212 prlscl
1907 5152 2078 5207 aestuant.-

1254 5252 1287 5318 b)
1312 5250 1446 5318 ttlterlusl
1474 5250 1518 5305 'nlo
1543 5250 1591 5315 (a
1608 5250 1684 5303 Plutl.
1710 5246 1822 5319 πρόσω)
1848 5253 1898 5305 rt.
1913 5254 2009 5323 lm,
2040 5258 2075 5311 tt.
2098 5258 2204 5320 ssepi..

1290 5324 1403 5385 Bryne,
1420 5321 1555 5383 nocem
1574 5319 1624 5372 ιιι.
1645 5320 1720 5371 1563,
1738 5322 1863 5374 atterius.

1255 5424 1393 5552 aare
1409 5434 1548 5541 {aaa
1563 5421 1667 5541 us.
1851 5420 2091 5545 tussa...
2110 5464 2118 5481 ·
2134 5421 2207 5493 u

1697 5559 1746 5632 16
