4762 6008
2200 294 2280 369 ³24

244 308 319 380 aaa
815 297 937 369 natu.
970 298 1081 370 aian.
1115 284 1322 366 scalena
1350 295 1684 368 autumnales.
1774 281 1786 342 ἑ

245 477 378 546 librum
409 477 451 544 ae
477 474 666 543 collatione
688 470 871 539 Ciceronis
905 481 939 536 et
966 468 1077 559 patris
1105 466 1232 538 Asinii.
1286 470 1375 537 ordo
1395 469 1423 537 is
1439 447 1501 539 est.
1535 469 1659 537 Primo
1677 468 1758 535 loeo
1775 465 1954 564 excusatio
1970 463 2120 554 ponitur
2134 456 2279 537 suinma

246 577 338 650 Cum
370 577 478 667 igitur
501 574 671 664 Virgilius
703 585 793 641 esset
817 569 951 639 amicus
975 570 1069 661 patri
1095 570 1234 652 Asinio,
1256 524 1262 607 Ι
1285 594 1364 639 cum
1378 560 1767 661 m'odestia'gravitatis
1793 565 1995 658 argumenti
2006 586 2020 648 ,·
2044 569 2142 659 quod
2169 570 2280 638 subli-

246 681 446 772 gratulatur
468 678 500 743 ei
523 688 646 744 natum
677 674 790 742 filium
817 672 1033 742 Pollionem.
1099 670 1233 765 Estque
1284 666 1464 757 miusest,
1490 697 1598 767 quam
1617 672 1802 763 permittat
1816 668 2051 761 pastoralium
2067 694 2279 741 sermonum

245 779 334 851 haec
362 780 492 868 Eeloga
528 777 667 869 generis
696 773 981 845 demonstrativi.
1045 772 1235 843 Praedieat
1285 775 1504 864 simplicitas.
1543 776 1713 867 Sequitur
1732 772 1949 864 propositio:
1978 770 2056 864 (Vs.
2072 770 2124 858 4.)
2150 776 2281 847 Ultima

246 883 342 953 enim
365 882 569 949 felicitatem
588 892 804 968 temporum,
831 877 867 945 et
884 888 1011 945 narrat
1025 876 1138 946 filium
1154 876 1234 946 Asi-
1287 880 1424 949 Cumaei
1440 891 1506 947 etc.
1556 877 1689 969 Estque
1705 870 1794 943 baec
1812 873 2009 956 sententia,
2036 876 2135 967 quod
2149 877 2280 948 felicis·

246 986 309 1054 nio
326 996 450 1052 natum
469 1006 542 1052 esse
556 981 766 1051 felicissimis
781 980 1019 1069 temporibus,
1046 979 1103 1049 cui
1121 978 1232 1047 multa
1285 980 1375 1049 sima
1398 982 1463 1049 sub
1485 976 1554 1048 hoc
1572 1002 1683 1070 puero
1701 977 1773 1047 sint
1790 988 1939 1045 ventura
1959 987 2135 1068 tempora.
2188 980 2280 1048 Pro-

247 1110 421 1179 prospera
446 1085 671 1174 contingent,
708 1095 742 1150 ct
766 1081 940 1173 significat
960 1083 1058 1171 fore,
1084 1094 1125 1150 nt
1146 1094 1234 1150 tem·
1285 1081 1417 1179 positio
1442 1094 1495 1151 est
1507 1083 1657 1172 figurata
1681 1079 1839 1170 poetico,
1866 1080 1928 1148 sed
1952 1074 2147 1149 admodum
2173 1095 2278 1170 grato

247 1212 377 1281 porum
400 1187 548 1257 felicitas
569 1186 672 1254 novis
694 1183 799 1253 bonis
832 1184 1034 1254 cumuletur
1062 1194 1147 1250 nato
1172 1182 1236 1250 tali
1287 1196 1501 1253 ornamento
1526 1186 1569 1253 de
1585 1184 1741 1274 Sibyllae
1764 1181 1928 1250 oraculis.
1980 1181 2111 1250 Addita
2139 1196 2193 1251 est
2215 1208 2273 1253 ex·

231 1284 420 1383 principe.
479 1288 525 1356 Et
544 1300 583 1357 ut
607 1288 722 1356 oratio
742 1300 931 1368 cresceret,
964 1282 1142 1354 rhetorica
1160 1307 1235 1353 am·
1287 1287 1418 1378 positio
1449 1287 1611 1378 specialis
1636 1298 1789 1366 corum,
1816 1306 1908 1377 quae
1932 1280 2065 1376 Sibylla
2087 1285 2275 1375 praedixe-

247 1392 465 1485 plificatione
481 1390 663 1460 distribuit
675 1390 735 1457 illa
753 1412 923 1479 prospera
942 1388 980 1455 in
995 1390 1126 1479 graden
1141 1399 1236 1456 aeta·
1288 1401 1355 1458 rat.
1407 1390 1568 1458 Ponitur·
1583 1400 1619 1458 et
1638 1384 1798 1478 precatio
1820 1410 1901 1454 cum
1922 1386 2162 1478 descriptione
2187 1388 2275 1457 certi

248 1495 306 1565 tis.
365 1491 406 1561 ln
430 1494 500 1560 fine
528 1492 629 1560 addit
657 1486 900 1582 apostrophen
924 1491 981 1558 vel
1002 1493 1048 1559 ad
1071 1513 1235 1581 puerum,
1287 1491 1458 1581 temporis
1472 1488 1540 1587 ⁴⁴),
1579 1514 1652 1585 quo
1685 1492 1804 1559 futura
1831 1500 1914 1558 sunt
1942 1501 2046 1558 antea
2080 1491 2277 1580 praedicta.

248 1597 305 1665 vel
320 1596 467 1684 figurate
489 1596 535 1661 ad
551 1594 761 1684 Augustum.
814 1593 1037 1684 Principium
1058 1592 1236 1661 narratio-
1287 1593 1426 1663 Deinde
1451 1595 1599 1686 ponitur
1629 1593 1767 1683 integra
1796 1591 1987 1683 descriptio
2019 1591 2188 1663 carminis
2217 1616 2276 1684 ge·

247 1697 306 1767 nis
321 1698 363 1763 de
378 1696 546 1765 felicitate
564 1709 768 1787 temporum
786 1696 944 1785 pertinet
962 1697 1007 1763 ad
1023 1697 1235 1785 Augustum.
1286 1693 1474 1779 nethliaei,
1499 1720 1591 1789 quae
1608 1695 1830 1765 consumitur
1846 1694 1884 1760 in
1900 1693 2170 1763 enumeratione
2191 1718 2276 1784 gra·

248 1798 396 1890 Repetit
419 1799 515 1866 enim
539 1802 717 1891 quaedam
740 1799 908 1865 vaticinia
934 1798 1109 1890 Sibyllae,
1144 1820 1235 1889 quae
1287 1802 1397 1868 duum
1423 1799 1566 1884 aetatis,
1591 1811 1632 1867 ut
1657 1798 1847 1887 significet,
1881 1820 2057 1890 quaenam
2081 1798 2272 1864 commoda

250 1904 296 1970 de
311 1894 553 1991 pulcherrimo
573 1913 667 1970 statu
682 1900 870 1968 Romanae
894 1896 1124 1967 monarchiae
1151 1923 1235 1990 pro·
1288 1924 1527 1994 unaquaeque
1544 1915 1640 1970 aetas
1663 1901 1708 1969 sit
1731 1900 1893 1969 allatura.
1955 1898 2115 1968 Primum
2139 1898 2271 1967 descri—
2353 1918 2357 1925 ·

250 2003 323 2072 dita
342 2014 465 2087 erant,
489 2003 572 2095 quia
589 2003 710 2070 omnia
728 2002 878 2091 imperia
897 1998 1101 2072 habuerunt
1116 2002 1235 2094 aliqua

250 2105 432 2174 vaticinia.
482 2103 617 2199 Estque
631 2106 894 2196 propemodum
916 2117 990 2173 tota
1008 2102 1139 2194 Ecloga
1157 2127 1237 2195 per-

250 2216 358 2299 petua
379 2206 554 2276 narratio.

520 2374 654 2443 Aliud
690 2373 891 2444 eiusdem
910 2372 967 2460 48).

354 2512 450 2581 Miro
480 2510 630 2579 artificio
655 2509 835 2581 transtulit
858 2520 964 2601 poeta
986 2518 1235 2597 argumentum

250 2614 462 2685 aPollionis
477 2614 549 2682 filio
567 2614 612 2681 ad
626 2613 768 2681 laudem
791 2624 1014 2702 temporum,
1040 2634 1104 2679 seu
1125 2609 1237 2699 impe·

248 2716 298 2785 rii
314 2713 477 2807 Augusti.
527 2716 621 2786 Nam
639 2740 719 2783 eum
735 2717 825 2811 bene
851 2726 1017 2805 precatur
1037 2735 1150 2804 puero
1171 2734 1236 2778 na·

249 2819 381 2902 acenti,
407 2840 513 2887 omen
527 2818 695 2886 felicioris
711 2829 834 2908 partus
851 2816 979 2907 accipit
994 2816 1040 2884 ab
1057 2839 1112 2898 eo,
1138 2816 1235 2907 quod

248 2916 403 3009 Augusti
425 2920 647 3011 temporibus
679 2932 902 3001 nasceretur,
942 2941 1014 3010 quo
1034 2919 1234 3007 imperante

246 3022 354 3113 plane
384 3020 520 3091 rediret
550 3046 699 3091 aureum
721 3023 913 3115 quoddam
939 3020 1118 3101 seculum,
1153 3041 1232 3087 cum

247 3123 325 3192 eius
354 3123 544 3191 autoritate
573 3124 893 3213 moderationeque
919 3133 1023 3211 parta
1054 3119 1134 3189 orbi
1163 3144 1233 3212 pax

247 3224 360 3307 esst,
391 3246 474 3323 pum
502 3224 725 3317 quiescerent
748 3248 767 3292 a
788 3224 889 3292 bellis
913 3223 1072 3316 undique
1098 3223 1232 3307 omnia,

245 3324 418 3395 florerent
451 3325 608 3416 optimae
643 3338 754 3408 artes,
796 3338 887 3394 essct
918 3320 1035 3395 honos
1068 3325 1233 3415 ingeniis,

244 3427 443 3519 plurimum
461 3439 606 3518 possent
622 3438 657 3495 et
672 3430 767 3520 apud
785 3428 985 3518 principem
1011 3440 1045 3495 et
1066 3427 1104 3494 in
1126 3451 1232 3519 repu-

244 3528 337 3598 blica
352 3530 415 3622 qui
430 3529 558 3620 optimi
572 3541 686 3599 erant.
738 3531 855 3598 Porro
871 3526 963 3598 hanc
984 3530 1093 3599 seculi
1110 3530 1232 3599 condi-

133 3656 141 3665 *
244 3630 380 3700 tionem
395 3632 506 3721 figura
523 3632 609 3702 texit
625 3646 752 3724 poeta,
778 3646 819 3702 ut
834 3636 964 3701 decoro
979 3633 1147 3718 serviret,
1172 3658 1231 3703 ru·

243 3733 388 3804 sticanis
411 3758 495 3805 usus
520 3735 709 3826 exemplis,
739 3734 924 3818 laudibus,
960 3736 1139 3804 oratione:
1176 3737 1230 3804 in-

244 3849 424 3906 crementa
443 3839 553 3909 seculi
573 3836 674 3907 aurei
689 3836 813 3909 retulit
826 3838 873 3908 ad
890 3840 1109 3908 incrementa
1134 3852 1229 3908 aeta-

241 3935 288 4011 tis
304 3938 431 4031 pueri..

538 4111 679 4180 Aliud
712 4111 927 4183 eiusdem.

344 4249 607 4338 Argumentum
619 4247 772 4339 Eclogae
788 4260 938 4342 quartae
955 4242 1023 4316 hoc
1039 4262 1101 4318 est.
1156 4248 1228 4316 Sub

240 4354 405 4443 Augusto
422 4349 572 4419 Caesare
587 4351 734 4441 insignis
752 4352 819 4421 fuit
843 4364 965 4420 orator
979 4348 1123 4420 Asinius
1142 4349 1226 4418 Pol-

240 4455 292 4524 lio
310 4454 347 4520 in
367 4454 492 4520 ducem
511 4454 717 4523 Germanici
742 4456 913 4524 exercitus
937 4442 1084 4545 propter
1107 4454 1227 4543 singu-

240 4558 334 4626 lares
354 4557 454 4624 dotes
476 4556 616 4627 electus.
669 4554 701 4627 ls
724 4571 804 4648 post
829 4553 1050 4647 triumphum
1075 4559 1121 4623 ad
1143 4581 1227 4624 con-

240 4660 393 4730 sulatum
420 4671 471 4728 est
495 4672 653 4742 evectus,
687 4687 759 4753 quo
782 4673 943 4750 ternpore
959 4660 1071 4727 lilium
1094 4660 1227 4748 genuit,

241 4787 348 4855 quern
385 4786 405 4828 a
442 4761 552 4852 captis
592 4762 732 4833 Salonis
766 4762 976 4832 Saloninum
1013 4762 1225 4831 uorninavit.

150 4922 153 4927 4
239 4863 355 4932 Huius
378 4863 470 4931 tanti
493 4863 561 4931 viri
581 4864 696 4955 gratia
720 4878 755 4934 et
770 4864 961 4934 autoritate
976 4876 1094 4933 motus
1109 4863 1226 4954 Virgi-

238 4964 308 5032 lius
331 4962 613 5053 genetlrliacum,
652 4963 721 5037 ltoc
747 4981 819 5050 est,
851 4988 996 5035 carmen
1021 4967 1224 5035 natalitium

239 5063 309 5135 hac
331 5066 462 5155 netega
491 5071 674 5154 decantat,
713 5070 819 5140 simul
845 5070 1047 5160 complexus
1061 5068 1224 5159 Augusti,

1287 2005 1385 2073 bitur
1399 2005 1573 2095 pueritia,
1600 2027 1690 2096 quae
1707 2014 1759 2072 est
1774 2003 1998 2071 abundatura
2021 2000 2122 2068 omni
2144 2024 2274 2091 genere

1287 2106 1525 2197 voluptatum.
1576 2105 1751 2198 Reliquae
1778 2107 1869 2173 duae
1897 2116 2047 2186 aetates,
2072 2104 2275 2172 adolescen-

1289 2209 1339 2277 tia
1363 2221 1398 2276 et
1416 2209 1601 2291 iuventus,
1627 2205 1760 2276 babent
1781 2206 2055 2298 descriptionem
2077 2206 2276 2277 multorum

1289 2302 1584 2393 commodorum,
1613 2322 1648 2379 et
1666 2334 1816 2401 magnae
1832 2308 2112 2403 tranquillitatis.
2163 2308 2274 2379 Addi-

1288 2425 1348 2482 tur
1363 2414 1591 2504 amplificatio
1609 2438 1628 2480 a
1648 2427 1745 2483 voto.
1796 2409 1838 2479 ln
1855 2413 1924 2480 line
1939 2411 2035 2510 ((Vs.
2053 2412 2129 2500 62.)
2145 2414 2269 2500 Incipe,

1285 2540 1389 2604 parve
1411 2523 1516 2605 puer)
1547 2529 1598 2585 est
1625 2514 1783 2607 precatio
1816 2515 1989 2606 longioris
2021 2515 2116 2584 vitae
2140 2525 2175 2583 et
2197 2536 2272 2581 ma·

1288 2642 1379 2709 gnae
1398 2618 1587 2689 felicitatis.

1591 2785 1726 2854 Aliud
1761 2785 1967 2856 eiusdem.

1387 2921 1499 2990 Valde
1521 2923 1764 2993 memorabilis
1790 2923 1887 2992 locus
1907 2931 1960 2989 est
1981 2918 2020 2985 in
2041 2912 2108 2984 hac
2132 2914 2268 3006 Ecloga

1285 3024 1328 3090 de
1353 3036 1509 3116 quatuor
1532 3026 1724 3109 aetatibus,
1757 3049 1850 3118 quae
1871 3034 2002 3092 aetates
2026 3019 2117 3091 sicut
2137 3018 2176 3085 in
2198 3019 2271 3087 sin-

1285 3125 1375 3216 gulis
1390 3122 1616 3210 bominibus,
1642 3128 1691 3195 ita
1709 3129 1817 3196 etiam
1833 3150 1954 3196 rerum
1972 3148 2055 3194 usus
2071 3125 2174 3191 docet
2196 3145 2271 3191 esse

1285 3251 1344 3298 eas
1376 3228 1416 3295 in
1448 3230 1708 3299 mutationibus
1748 3231 1950 3300 seculorum
1986 3238 2021 3296 et
2054 3239 2273 3314 temporum.

1283 3330 1376 3401 Nam
1392 3332 1529 3402 nullum
1546 3334 1614 3402 fuit
1628 3333 1819 3424 imperium
1834 3344 1975 3400 tantum
1990 3329 2056 3401 sub
2071 3328 2158 3410 sole,
2174 3327 2273 3419 quod

1284 3457 1358 3501 non
1380 3433 1558 3504 invenerit
1580 3430 1668 3505 haec
1691 3447 1848 3506 aetatum
1875 3435 1982 3504 mala.
2033 3431 2127 3503 Nam
2149 3428 2272 3498 omnia

1284 3536 1454 3627 imperia,
1481 3538 1633 3607 maxime
1657 3538 1927 3620 Romanorum,
1962 3560 1983 3604 a
2007 3533 2129 3627 parvis
2152 3554 2270 3601 crese-

1283 3653 1368 3709 runt
1391 3640 1523 3724 initiis,
1557 3644 1671 3710 donec
1695 3641 1743 3710 sic
1758 3642 1804 3730 ⁴³)
1834 3640 1986 3710 exaltata
2009 3650 2044 3708 et
2069 3637 2161 3705 elata
2193 3636 2268 3702 fue·

1283 3743 1375 3825 rint,
1400 3744 1496 3811 mole
1515 3758 1556 3813 ut
1579 3745 1745 3813 laborent
1765 3769 1841 3817 sua.
1893 3743 2009 3812 Porro
2031 3753 2137 3832 poeta
2153 3748 2271 3806 trans-

1282 3846 1364 3914 tulit
1378 3859 1534 3916 aetatum
1551 3847 1694 3916 illarum
1708 3848 1887 3916 rationem
1903 3858 1939 3915 et
1956 3846 2000 3913 ad
2017 3856 2181 3933 tempora
2196 3841 2272 3908 Au-

1282 3946 1374 4038 gusti
1390 3947 1550 4020 Caesaris
1567 3964 1602 4019 et
1620 3954 1666 4019 ad
1688 3963 1839 4020 aetatem
1850 3946 2039 4043 Salonini,
2072 3942 2137 4015 lilii
2153 3939 2271 4013 Asinii

1282 4051 1466 4124 Pollionis.

1579 4222 1718 4293 Aliud
1753 4224 1967 4293 eiusdem.

1382 4359 1527 4428 Asinius
1551 4358 1669 4427 Pollio
1693 4360 1762 4427 fuit
1787 4356 1982 4451 proconsul
2005 4366 2165 4444 tempore
2185 4349 2266 4417 Vir·

1280 4460 1355 4550 gilii
1375 4460 1414 4526 in
1436 4460 1638 4550 Hispaniis,
1664 4473 1792 4552 potens
1819 4462 1857 4529 in
1881 4460 2047 4529 Romana
2072 4452 2266 4546 republica,

1280 4562 1456 4653 gratiosus
1485 4566 1582 4654 apud
1611 4562 1830 4654 Augustum,
1864 4577 1898 4631 et
1927 4564 2047 4632 fruator
2076 4554 2267 4629 bominum

1279 4668 1478 4736 doctorum.
1529 4666 1620 4733 llnic
1635 4680 1739 4738 natus
1757 4679 1808 4737 est
1824 4665 1917 4734 filius
1934 4662 2145 4741 Saloninus,
2166 4657 2270 4728 cuius

1280 4769 1446 4838 irativitas
1460 4765 1518 4837 hle
1535 4771 1741 4841 celebratur.
1793 4768 1936 4837 Laudat
1956 4779 2075 4835 autem
2095 4761 2272 4852 Virgilius

1279 4895 1352 4939 non
1371 4883 1443 4939 tarn
1460 4873 1573 4964 ipsam
1590 4875 1814 4941 nativitatem
1829 4869 1951 4962 pueri,
1984 4868 2045 4938 sed
2070 4865 2185 4955 magis
2208 4863 2272 4930 illa

1280 4986 1441 5064 tempora
1467 4989 1499 5043 et
1523 4976 1611 5043 illud
1635 4976 1845 5065 imperium,
1872 4996 1944 5066 quo
1961 4972 2036 5062 ipse
2052 4980 2159 5037 natus
2178 4978 2271 5047 erat,

1279 5089 1313 5144 et
1330 5101 1395 5168 per
1417 5102 1636 5171 consequens
1663 5079 1770 5145 etiam
1796 5077 1917 5144 laudat
1938 5073 2129 5142 Caesarem
2143 5072 2270 5165 Augu-

237 5166 414 5235 Polliunis
432 5183 466 5236 et
483 5175 582 5259 paen
591 5174 751 5243 Salonini
767 5174 1001 5243 laudationes.
1037 5170 1224 5241 Caeterum
1247 5192 1254 5315 Ι
1279 5238 1398 5248 ᾗ,

239 5337 449 5363 ,...........-..

273 5430 322 5497 43)
341 5432 424 5481 Aliud
438 5432 582 5496 eiusdem]
600 5434 690 5503 lnjEtl.
708 5434 895 5504 tasnatum
911 5440 977 5489 auat
995 5439 1093 5490 verba:
1111 5437 1139 5489 in
1156 5450 1223 5489 con-

308 5502 367 5552 ten
384 5503 525 5567 Eclogan.

1310 5335 1358 5401 44)
1377 5338 1445 5415 certi
1463 5337 1610 5454 tetrpporfs]
1633 5339 1672 5388 alc
1688 5338 1737 5387 Ed.
1755 5335 1847 5397 aas&
1870 5333 1954 5384 notet.
1971 5332 2066 5396 ¹568„
2090 5326 2169 5380 lm.
2194 5330 2277 5380 ten.

1343 5417 1422 5466 pona
1438 5418 1486 5455 ear
1511 5443 1517 5455 .

1243 5520 1248 5562 ;
1310 5502 1358 5568 ab)
1376 5504 1431 5567 sic]
1449 5504 1489 5556 alc
1504 5505 1556 5562 Ed.
1571 5506 1663 5573 πῶς
1680 5504 1765 5558 attat.
1781 5504 1873 5568 tm,
1896 5501 1970 5554 1591.
1989 5501 2023 5552 sl.
