4762 6008
142 196 222 272 ³⁰⁹
274 284 277 289 Ι
617 184 819 260 LXXXVII.
870 181 1155 260 ENARRATIO
1186 182 1464 259 BUCOLICON
1501 182 1705 256 VlRGllJI.
2093 182 2171 263 tto

146 368 219 437 iam
243 366 282 434 in
304 364 401 434 nuda
424 360 521 432 silice
545 361 648 431 enixa
672 360 840 450 gemellos
855 359 1058 452 relinquere
1071 383 1129 428 co·
1184 380 1310 427 eorum
1353 357 1494 428 animos
1535 356 1603 428 sibi
1641 360 1928 440 demererentur,
1979 359 2166 435 collocare.

145 482 260 562 gatur.
311 466 499 536 Postremo
517 461 747 556 amplificavit
760 456 857 531 lrunc
871 462 990 531 locum
1007 483 1028 529 a
1045 485 1129 553 pro·
1151 399 1158 551 l
1178 458 1337 529 Proinde
1355 483 1436 530 cum
1451 458 1732 553 Transpadanos
1755 484 1860 553 agros
1873 459 2054 551 Augustus
2074 460 2165 533 divi-

143 570 323 661 digiorum
353 566 555 648 mentione,
590 577 625 634 et
648 565 746 655 cupit
770 563 901 633 certior
918 563 996 632 fieri
1019 586 1039 632 a
1064 562 1126 633 Ti·
1177 564 1277 632 deret
1310 560 1412 655 (nam
1438 561 1690 654 Transpadani
1722 563 1935 634 adiuverant
1962 560 2162 635 Antonium

136 684 217 764 tyro
232 669 451 753 Meliboeus,
478 666 557 763 quis
572 665 670 736 Deus
685 666 786 737 istius
803 665 869 736 otii
884 664 918 735 ei
933 665 980 736 sit
995 676 1112 737 autor.
1176 662 1215 732 in
1232 664 1329 734 civili
1350 665 1445 736 bello
1471 677 1595 735 contra
1611 665 1851 759 Augustum),
1876 663 1995 736 amisit
2008 677 2044 735 et
2057 689 2163 737 snum

236 772 384 866 Tityrus
399 782 519 841 autem
537 771 678 840 orditur
704 768 950 839 narrationem
974 791 1123 838 suama
1174 760 1356 859 Virgilius.
1407 765 1651 863 lspostquam
1665 769 1827 858 Augusto
1842 767 1982 840 Romae
2002 768 2161 840 innotuit

128 873 200 944 loci
224 873 464 966 descriptione
488 873 627 965 egregie
657 883 798 942 servato
825 873 968 940 decoro.
1027 868 1121 941 Nam
1172 866 1472 941 intercedentibus
1488 869 1673 954 Pollione,
1699 868 1907 942 Maecenate
1928 884 1964 942 et
1979 868 2079 954 aliis,
2103 871 2159 941 in·

130 1000 206 1046 non
234 1001 319 1047 mox
340 974 518 1045 Meliboeo
549 976 763 1067 respondet,
805 996 1000 1067 perquem
1024 971 1119 1043 istud
1170 972 1275 1062 genio
1299 973 1450 1056 meruit,
1477 984 1516 1042 ut
1531 997 1616 1063 ager
1628 974 1697 1044 sibi
1713 986 1883 1064 paternus
1899 972 2158 1047 restitueretur.

129 1077 244 1150 otium
261 1104 302 1149 ac
316 1078 542 1148 securitatem
559 1079 606 1147 sit
624 1089 854 1160 consecutus,
881 1076 941 1145 scd
956 1097 1022 1166 per
1042 1098 1118 1145 am·
1168 1071 1235 1144 Hic
1255 1073 1408 1165 Augusti
1427 1074 1639 1145 beneficium
1659 1076 1843 1166 praedicat
1865 1090 1984 1167 poeta.
2035 1070 2156 1147 lmita·

126 1180 234 1271 bagcs
254 1181 449 1275 quasdam,
486 1179 615 1274 quibus
639 1178 677 1246 in
698 1180 881 1248 narrando
904 1178 1115 1271 plerumque
1167 1188 1227 1247 tur
1254 1200 1399 1246 carmen
1430 1201 1540 1268 genus
1576 1178 1910 1248 demonstrativum.
1971 1176 2066 1248 Nam
2094 1200 2153 1246 or-

124 1285 241 1353 solent
258 1283 313 1354 uti
330 1281 466 1352 rustici.
516 1280 680 1350 Primum
697 1304 776 1352 eam
793 1282 919 1353 urbem
935 1278 1114 1364 describit,
1164 1279 1249 1349 dine
1271 1291 1474 1351 recensetur
1495 1280 1629 1348 factum
1652 1304 1673 1350 a
1696 1278 1844 1372 Tityro,
1876 1280 1940 1375 qui
1960 1277 2152 1369 Virgilium

124 1384 164 1453 in
188 1408 260 1479 qua
284 1385 343 1453 ille
369 1380 500 1454 viderit
519 1407 622 1453 suum
640 1381 770 1455 Deum.
822 1381 1037 1453 Continetur
1050 1405 1112 1452 au·
1162 1395 1418 1472 repraesentat.
1476 1380 1646 1452 Meliboei
1671 1406 1824 1476 persona
1846 1384 1981 1453 adiecta
2003 1393 2076 1466 est,
2109 1395 2150 1453 ut

123 1498 196 1555 tem
216 1486 316 1556 urbis
336 1484 476 1554 Romae
499 1485 576 1556 laus
598 1485 638 1554 in
660 1480 715 1555 his
737 1484 1067 1578 comparationibus
1089 1507 1109 1552 a
1162 1485 1393 1556 contentione
1422 1496 1614 1555 ornaretur
1636 1496 1672 1554 et
1693 1485 1971 1576 amplificaretur
1991 1507 2147 1556 carmen.

122 1585 287 1658 dissimili
307 1588 441 1672 ductis,
474 1611 566 1681 quae
588 1586 802 1658 mirabiliter
828 1599 912 1659 sunt
932 1584 1109 1678 simplices
1159 1583 1253 1656 Nam
1269 1581 1328 1657 hic
1346 1587 1434 1658 alias
1448 1587 1613 1678 deplorat
1628 1610 1753 1658 eorum
1772 1598 1926 1672 sortem,
1961 1588 2023 1682 qui
2039 1610 2058 1656 e
2074 1585 2147 1658 suis

122 1699 158 1757 et
181 1688 288 1780 plane
304 1688 505 1759 Bucolicae.
555 1688 672 1759 Porro
695 1691 868 1782 datajper
886 1688 1107 1758 Meliboeum
1157 1689 1439 1778 possessionibus
1469 1689 1571 1759 eiecti
1595 1703 1716 1775 erant,
1750 1690 1839 1761 alias
1864 1689 1954 1760 benc
1977 1700 2145 1785 precatur

121 1790 307 1860 occasione
337 1790 527 1882 exponitur
556 1786 615 1859 bic
639 1816 784 1887 qunque
810 1815 937 1876 causa,
976 1814 1105 1863 curse
1156 1788 1321 1883 Virgilio.
1372 1791 1412 1863 Si
1431 1791 1566 1863 eximas
1586 1791 1757 1864 Meliboei
1779 1816 1994 1884 personam,
2023 1811 2142 1863 sermo

118 1890 294 1975 Romam,
333 1892 456 1961 relicta
486 1891 657 1977 Mantua,
697 1893 867 1985 Virgilius
900 1893 1105 1980 contulerit,
1156 1892 1275 1987 Tityri
1298 1907 1469 1988 perpetua
1496 1886 1672 1988 quaedam
1703 1889 1866 1965 narratio
1888 1895 2017 1978 luerit,
2050 1916 2142 1988 quae

117 2005 159 2063 ut
173 1993 334 2063 narratio
350 1993 397 2064 sit
411 2006 445 2063 et
459 1993 635 2085 prolixior
652 2007 688 2065 et
710 1996 904 2081 illustrior,
929 1995 1104 2066 libertatis
1155 2019 1226 2088 qua
1241 1996 1401 2081 ratione,
1435 2021 1507 2090 quo
1532 1996 1659 2066 ordine
1685 2009 1840 2082 constet,
1867 1998 1996 2092 quibus
2018 1995 2064 2066 sit
2081 2019 2141 2066 or-

119 2094 252 2166 scilicet
263 2098 534 2191 consequendae
545 2098 693 2188 gratiae.
721 2097 842 2191 Fingit
856 2110 1104 2171 autemseser-
1153 2110 1237 2167 nata
1252 2099 1392 2191 figuris,
1425 2099 1475 2168 ita
1498 2101 1642 2169 demum
1661 2099 1834 2190 intelliget
1857 2096 2140 2183 adolescens,si
2179 2162 2186 2173 .

116 2222 202 2267 vum
223 2197 330 2271 fuisse
352 2197 591 2294 (quamquam
611 2225 651 2270 re
671 2225 755 2272 vera
780 2202 871 2272 liber
895 2202 965 2272 fuit
985 2199 1103 2292 Virgi-
1152 2200 1274 2275 soluta¹
1284 2203 1449 2273 oratione
1465 2224 1610 2272 carmen
1627 2203 1840 2295 exposuerit.

117 2298 222 2395 lius),
261 2312 303 2371 ut
332 2300 484 2392 Augusti
512 2301 685 2371 beneficia
716 2305 830 2393 magis
861 2316 897 2374 et
923 2299 1102 2394 copiosius

115 2400 310 2493 praedicet,
327 2425 369 2471 ac
388 2413 550 2472 versatur
565 2398 625 2471 hic
640 2415 736 2473 totus
753 2404 853 2475 locus
869 2405 907 2472 in
926 2427 1101 2494 prosopo-

116 2503 406 2596 poeiaquadam.
455 2502 550 2573 Nam
565 2514 642 2571 tum
658 2527 696 2572 se
716 2503 874 2595 primum
892 2503 1099 2572 liberiorem
1252 2505 1395 2575 Nomen
1424 2504 1579 2598 Eclogae
1611 2532 1686 2577 non
1716 2520 1769 2579 est
1795 2531 1816 2577 a
1846 2506 1962 2600 capris
1991 2496 2139 2591 factum}

117 2603 264 2672 vivendi
277 2602 475 2687 rationem,
501 2615 537 2671 et
554 2605 825 2696 prosperiorem*
841 2606 1007 2675 fortunae
1031 2616 1101 2676 sta-
1151 2606 1215 2677 sed
1228 2605 1436 2699 simpliciter
1454 2608 1629 2699 significat
1644 2610 1834 2681 lectionem
1856 2633 1919 2681 seu
1940 2608 2138 2679 enarratio-

117 2717 196 2775 tum
208 2702 242 2801 ¹)
255 2716 400 2774 nactum
417 2703 488 2789 ait,
514 2728 595 2775 cnm
611 2707 726 2775 veteri
742 2707 856 2777 amica
871 2707 1022 2776 Mantua
1038 2730 1101 2802 pa·
1151 2732 1235 2777 nem
1250 2732 1313 2779 scu
1329 2710 1610 2781 adnotationem.
1661 2711 1753 2783 Sunt
1766 2724 1886 2784 autem
1906 2711 1945 2781 in
1958 2709 2038 2782 aliis
2053 2734 2139 2781 con-

116 2806 186 2876 tria
209 2806 351 2888 relicta‚
375 2805 531 2875 Romam
556 2808 602 2875 ad
615 2807 839 2901 Amaryllida
864 2810 1023 2893 venerit,
1049 2822 1102 2879 at·
1152 2810 1276 2883 tinuae
1300 2810 1558 2904 expositiones,
1592 2812 1631 2879 in
1655 2813 1734 2884 aliis
1758 2813 1937 2908 colloquia
1969 2813 2139 2885 distincta

117 2930 187 3003 que
214 2902 311 2978 hunc
338 2907 456 2978 locum
487 2910 718 3000 amplificavit
746 2911 937 2981 collatione
958 2911 1102 3003 pristini
1151 2937 1407 3004 personarum,
1433 2915 1527 2983 etin
1550 2925 1704 3007 utroque
1718 2914 1806 3008 quid
1823 2917 1967 2997 deceat,
1993 2926 2029 2982 et
2048 2939 2138 3006 quo·

118 3020 248 3093 status,
273 3009 409 3079 nullam
433 3009 502 3080 sibi
523 3011 675 3100 gratiam
697 3035 717 3080 a
742 3012 891 3084 Mantua
914 3038 989 3086 esse
1010 3015 1101 3084 rela-
1151 3017 1261 3086 modo
1286 3016 1468 3107 ingeniose
1494 3029 1686 3110 utramque
1709 3017 1864 3085 formam
1893 3014 2139 3099 tractaverint,

117 3126 214 3196 tam,
238 3134 458 3207 quamquam
483 3113 597 3183 multa
620 3115 659 3184 in
684 3138 763 3184 eam
782 3117 974 3187 contulerit
995 3116 1101 3187 bene·
1153 3118 1415 3190 observandum
1438 3130 1502 3190 est.
1543 3115 1656 3203 „Nunc
1677 3119 1722 3186 de
1736 3117 1855 3210 prima
1871 3114 2004 3206 Eclnga
2018 3113 2143 3208 Virgi-¹

118 3214 216 3298 beia,
238 3213 377 3285 Romae
394 3227 515 3286 autem
529 3209 653 3286 haberi
669 3211 844 3288 bonorem
862 3218 1000 3291 virtuti.
1150 3219 1192 3288 lii
1219 3220 1348 3292 dicam.
1416 3220 1468 3289 Ut
1490 3232 1609 3290 autem
1632 3232 1740 3291 antea
1763 3220 1912 3304 monui,
1943 3216 2139 3308 significari

218 3315 348 3387 Postea
381 3316 580 3389 Meliboeus
612 3321 813 3409 gratulatur
839 3320 967 3415 Tityro
1001 3321 1100 3391 illam
1152 3346 1208 3395 res
1223 3347 1372 3416 magnas
1392 3322 1552 3414 figuratis
1575 3322 1865 3407 narrationibus,
1890 3322 2137 3417 quaerendum

118 3416 343 3503 felicitatem,
378 3432 414 3489 et
446 3420 570 3490 laudat
601 3445 663 3495 rus
691 3423 765 3495 eius
801 3426 845 3495 ab
872 3424 1100 3496 amoenitate.
1152 3438 1206 3496 est
1230 3438 1479 3519 argumentum
1505 3437 1774 3516 extemporum
1798 3425 1944 3494 illorum
1965 3417 2137 3493 historiis.

118 3519 188 3590 Sed
203 3520 288 3615 quia
306 3520 426 3616 Tityri
447 3548 602 3615 persona
618 3539 694 3596 tota
717 3527 939 3607 versatnrin
956 3527 1102 3620 agendis
1151 3526 1254 3599 Duae
1276 3541 1361 3600 sunt
1385 3552 1559 3619 personae
1581 3528 1621 3596 in
1649 3527 1766 3618 prima
1787 3525 1940 3615 Ecloga,
1981 3547 2135 3617 quarum

118 3623 242 3713 gratiis
257 3623 401 3697 Caesari
416 3628 598 3718 Augusto,
628 3655 733 3724 quem
758 3631 834 3700 dixi
853 3630 1007 3721 Eclogae
1027 3653 1102 3702 esse
1152 3631 1265 3701 altera
1285 3631 1360 3719 agit
1372 3631 1504 3719 gratias
1526 3652 1594 3719 pro
1612 3628 1754 3699 reddito
1772 3627 1920 3719 praedio
1936 3625 1986 3718 ⁴);
2023 3625 2136 3694 altera

118 3737 272 3809 statum,
297 3727 379 3798 ideo
396 3729 557 3801 absoluta
574 3732 803 3816 narratione,
830 3733 875 3799 ab
890 3731 1101 3822 impossibili
1152 3731 1317 3819 deplorat
1327 3729 1421 3797 bella
1437 3728 1576 3810 civilia,
1601 3739 1636 3796 et
1650 3729 1889 3796 calamitatem
1904 3725 2049 3808 civium,
2070 3725 2136 3817 qui

117 3839 330 3917 argumento
342 3831 450 3899 ducto
464 3829 534 3914 ait,
557 3856 743 3927 uunquam
756 3835 930 3915 futurum,
954 3830 1102 3903 utillius
1152 3854 1195 3898 ex
1219 3829 1501 3921 possessionibus
1527 3828 1600 3897 suis
1623 3838 1773 3919 propter
1798 3825 1900 3895 civile
1919 3825 2053 3895 bellum
2076 3849 2134 3894 ex-

116 3927 158 3994 in
179 3951 218 3996 ss
239 3927 450 4000 meritorum
474 3931 715 4005 obliviscatur.
784 3933 954 4003 Meliboei
979 3944 1098 4002 autem
1151 3931 1246 4024 pulsi
1277 3942 1391 4000 erant.
1441 3930 1546 4000 Hunc
1578 3929 1697 3998 locum
1728 3951 1956 3998 communem
1985 3927 2135 3997 assumit

117 4027 237 4098 oratio
258 4040 313 4099 est
332 4045 506 4123 perpetua
528 4035 704 4127 quaedam
720 4036 765 4104 de
779 4034 959 4127 praesenti
980 4057 1100 4106 rerum
1150 4033 1304 4125 Ecloga,
1330 4032 1393 4127 qui
1405 4030 1596 4125 praecipue
1612 4026 1671 4100 hic
1683 4029 1925 4101 observandus
1940 4040 2001 4098 cst
2053 4026 2134 4096 Mo-

115 4142 213 4201 statu
229 4135 386 4225 querela.
437 4135 559 4227 Quare
581 4146 771 4229 postquam
792 4137 864 4205 iam
883 4136 1002 4230 Tityri
1025 4137 1101 4207 feli·
1130 4150 1213 4215 ,net
1226 4136 1321 4207 enim
1336 4135 1560 4227 deprecanda
1575 4145 1611 4203 et
1625 4131 1771 4202 vitanda
1795 4155 1867 4202 csse
1888 4128 2033 4202 dissidia
2048 4127 2134 4199 civi-

117 4232 262 4302 citatem
291 4236 376 4307 satis
406 4236 626 4329 praedicavit
655 4238 874 4323 Meliboeus,
914 4240 1007 4310 redit
1036 4263 1102 4332 per
1150 4240 1211 4311 lia.
1262 4237 1420 4309 Historia
1438 4248 1577 4320 autem,
1607 4257 1699 4328 quae
1721 4234 1887 4326 praebuit
1909 4231 2134 4303 occasionem

118 4336 345 4406 collationem
370 4349 407 4408 et
426 4333 639 4424 antithesin,
665 4353 706 4411 ut
728 4343 766 4410 in
781 4342 959 4434 principio
976 4366 1101 4434 coepe·
1149 4338 1233 4414 huic
1248 4339 1417 4423 carmini,
1442 4335 1531 4408 haec
1550 4349 1619 4408 est:
1653 4335 1738 4408 Non
1751 4336 1852 4405 facile
1866 4337 2035 4406 sedantur
2049 4332 2134 4403 civi-

118 4449 193 4521 rat,
218 4439 264 4509 ad
280 4463 381 4510 suam
397 4453 432 4511 et
447 4441 621 4528 aliorum,
645 4444 708 4536 qui
725 4445 818 4535 agris
833 4444 905 4515 suis
922 4445 1101 4536 pelleban·
1149 4446 1200 4515 les
1215 4443 1408 4525 tumultus,
1433 4452 1475 4511 ut
1489 4435 1578 4509 haec
1592 4437 1669 4531 ipsa
1686 4433 1837 4509 historia
1852 4436 2019 4508 ostendit.

118 4550 196 4623 tur,
229 4541 424 4614 miseriam.
482 4541 548 4615 Est
573 4556 692 4615 autem
713 4546 822 4617 variis
845 4547 968 4638 liguris
993 4559 1028 4617 et
1051 4548 1100 4617 af·
1253 4544 1343 4615 Cum
1359 4542 1530 4615 Octavius
1545 4541 1725 4633 Augustus
1746 4551 1783 4609 et
1802 4538 1854 4613 M.
1867 4537 2047 4608 Antonius
2068 4558 2133 4625 op·

117 4639 263 4715 lectibus
280 4643 478 4716 illustratus
494 4640 552 4716 hic
565 4659 768 4739 postremus
784 4648 896 4722 locus.
1150 4647 1358 4741 pressissent
1394 4645 1548 4718 Brutum
1589 4654 1625 4713 et
1656 4641 1843 4725 Cassium,
1881 4636 2062 4711 Antonius
2092 4635 2133 4702 in

225 4811 234 4828 .
323 4812 333 4829 .
455 4814 464 4831 ,
499 4815 507 4831 ,
598 4817 607 4835 ,
795 4818 805 4834 ‚
1149 4750 1272 4823 Asiam
1296 4748 1453 4833 traiecit,
1487 4745 1659 4818 Octavius
1672 4742 1829 4813 Romam
1854 4741 1980 4823 rediit,
2012 4746 2054 4805 ut
2074 4757 2132 4807 res

165 4810 264 4879 Alis
292 4813 541 4935 disposrtsp
568 4820 766 4888 emsdem
792 4841 840 4887 ¹¹1
867 4820 1055 4889 ‘andem
1149 4853 1306 4925 urbanas
1324 4851 1573 4932 constitueret,
1599 4859 1635 4917 et
1655 4845 1833 4917 veteranis
1856 4845 1958 4913 daret
1979 4835 2134 4930 promis·

496 4916 720 5011 h⁰l⁰8³¹¹¹0
1150 4980 1208 5027 sos
1227 4978 1344 5047 agros.
1395 4954 1466 5025 Sed
1481 4950 1567 5049 quia
1582 4947 1725 5019 crudele
1743 4960 1795 5019 est
1810 4943 1982 5036 expellere
1997 4960 2134 5033 posscs-

219 5043 391 5119 Solebant
404 5050 560 5122 Romani
584 5054 819 5148 imperatores
841 5055 882 5125 in
904 5054 1100 5150 municipa—
1150 5081 1271 5143 sores,
1296 5052 1384 5127 haec
1404 5056 1481 5148 ipsa
1502 5078 1559 5123 res
1582 5073 1716 5120 novum
1737 5048 1870 5118 bellum
1890 5046 2052 5135 Augusto
2074 5063 2133 5110 ex-

116 5144 210 5218 libus
230 5147 346 5239 agris,
371 5152 490 5226 eiectis
504 5158 683 5231 veteribus
699 5160 854 5242 colonis,
879 5156 1030 5243 milites,
1060 5171 1102 5249 ut
1151 5159 1286 5232 citavit.
1336 5158 1430 5232 Nam
1451 5153 1583 5227 Lucius
1601 5147 1799 5233 Antonius,
1823 5150 1935 5217 frater
1955 5142 2006 5218 M.
2020 5142 2133 5214 Anto·

114 5305 313 5326 *-

149 5380 315 5456 tmen-1
335 5389 385 5442 tta.
403 5389 478 5447 ttae.
496 5392 594 5485 nerto
613 5395 742 5460 syme:
760 5397 861 5449 mon.
1186 5392 1216 5455 a)
1233 5344 1360 5456 sisetto]
1377 5387 1427 5439 :a
1435 5383 1522 5530 ἐπὶ·
1537 5385 1635 5438 samso
1652 5386 1782 5451 typum:
1800 5379 1915 5451 pruno.

1448 2373 1587 2443 Aliud
1619 2372 1835 2444 eiusdem.
