4762 6008
141 323 230 401 -305
625 325 829 400 LXXXVII.
877 325 1161 400 ENARRATlO
1190 332 1475 412 BUCOLICON
1508 340 1714 416 VlliGlLll.
2119 365 2193 438 506

161 500 257 615 puori
282 520 353 616 ase
376 497 424 569 sit
443 498 596 569 alienata
620 499 752 590 puella.
813 498 877 572 Est
897 512 1017 570 autem
1042 499 1185 572 civilis·
1308 506 1387 579 Vss.
1404 509 1449 579 at
1469 535 1548 607 sqq.
1578 519 1706 587 Tristis
1726 527 1764 589 at
1783 516 1865 617 eto]
1902 521 2023 616 Fingit
2046 526 2192 605 Gallum

158 612 375 692 increpatio.
1205 611 1503 717 respondentem,
1529 628 1568 684 ut
1591 618 1704 708 magis
1725 619 1771 688 ob
1795 624 1917 696 oculos
1937 641 2052 718 ponat
2074 626 2190 707 bomi-

251 733 312 805 Vs.
324 736 383 807 1⁸.
416 740 460 808 Et
470 736 640 826 [mostis
654 733 739 833 etc]
759 712 897 807 Adonis
913 736 1148 832 formosusffl)
1174 766 1176 783 ¹
1201 707 1258 778 ¹¹5⁸
1274 709 1465 785 5⁰⁸³¹¹l³¹¹10

151 836 308 920 iuvenis,
342 862 448 931 quem
466 841 601 907 amavit
613 838 746 909 Venus.
1173 844 1176 853 ·
1301 811 1362 883 Vs.
1381 809 1442 887 50.
1485 819 1561 901 lle,
1602 831 1635 891 et
1660 823 1848 895 Chalcidico
1877 828 1958 921 etc]
1991 829 2185 927 Disceptat,

251 971 312 1043 vs.
330 972 389 1044 19.
416 970 569 1071 susos]
597 973 659 1042 au
676 971 873 1067 statutt·
1198 920 2080 1124 ‘¹¹¹⁰“l3liiilliba*tlfi‘btllsslssli...
2098 1058 2182 1108 ...-

247 1108 307 1178 Vs.
321 1109 371 1182 28
389 1134 443 1201 sq.
470 1113 516 1179 Et
531 1113 689 1202 pulsarit
707 1104 790 1205 etc]
817 1107 1070 1199 Amplificatio.
1163 1098 1169 1229 l
1192 1114 1312 1186 silium
1321 1115 1381 1213 ⁴⁰).

1294 1217 1354 1290 Vs.
1370 1218 1432 1292 69.
1461 1226 1702 1297 Omniaoiacit
1716 1233 1797 1321 etc]
1824 1228 2056 1330 ἐπιφώνημα.

1292 1318 1352 1391 Vs.
1370 1323 1430 1393 70.
1457 1327 1616 1397 Haecsot
1633 1327 1799 1427 ssiteta]
1826 1331 2010 1428 Epilogus.

178 1461 226 1529 88)
244 1463 397 1523 formosus]
415 1463 465 1512 ltu.
485 1463 567 1523 Nor,
603 1463 631 1510 in
657 1472 711 1524 qna
728 1463 795 1511 baec
813 1463 906 1514 aauot.
925 1473 987 1510 cum
1005 1461 1130 1523 praeced.
1157 1428 1161 1511 i
1288 1419 1364 1536 ys&
1374 1420 1424 1494 75
1432 1449 1510 1521 sqq·
1543 1431 1753 1520 Surgamues
1777 1434 1863 1506 colel
1883 1434 1970 1535 elc.]
1998 1439 2175 1515 Petiodus

211 1533 240 1585 lu
257 1543 338 1583 uuam
357 1534 401 1582 est
419 1529 580 1589 coniuncta.
606 1531 691 1582 male:
718 1529 855 1580 formosis.
1155 1520 1159 1627 p
1183 1516 1356 1595 bucolm,

174 1651 223 1709 ³0)
241 1652 317 1702 liaeo
332 1651 456 1702 varietas
473 1647 600 1701 lectionis
617 1648 646 1699 iu
669 1648 741 1699 solis
759 1647 844 1698 ltditt.
864 1650 956 1712 Mag,
983 1646 1060 1698 15⁴⁷.
1085 1651 1128 1697 cet
1185 1656 1388 1674 ····-·-·-—-

207 1719 356 1783 mmm
1150 1718 1156 1781 ι’
1213 1716 1262 1785 ⁴⁰)
1281 1723 1440 1787 consutum]
1458 1724 1508 1775 Ed.
1524 1725 1599 1778 1647.
1620 1740 1718 1780 errore
1735 1732 1862 1799 tjpogm
1886 1735 2038 1790 canopum

150 1316 355 1327 ffl—

982 1891 1281 1907 *mouns-..-

748 2119 786 2192 2.
838 2116 902 2191 IN
937 2115 1205 2199 VIRGILII
1242 2123 1555 2203 BUcoLch

304 2266 613 2325 ARGUMENTA
642 2261 732 2322 sau
753 2260 1134 2324 o1seos1n10ams
1154 2262 1467 2324 aaaroarcan
1487 2266 1607 2329 east.
1629 2267 1991 2333 nnsau'rnoms.

259 2432 340 2491 liaeo
360 2441 551 2508 argumento,
577 2447 629 2487 seu
652 2428 854 2506 dispositiones
882 2427 1059 2503 rhetoricas,
1091 2448 1164 2506 quas
1185 2429 1359 2490 Melanthea
1390 2432 1537 2509 qnondam
1558 2435 1600 2494 bl.
1620 2432 1723 2495 loanni
1749 2438 1890 2498 Marcello
1916 2440 2159 2523 Regiomontane,

132 2529 165 2579 et
187 2517 230 2576 Μ.
251 2516 352 2573 loanni
374 2513 495 2592 Stigelio
517 2524 547 2572 et
568 2513 650 2588 aliis,
677 2524 816 2589 tanquam
847 2510 969 2589 publicis
998 2511 1211 2589 professoribus
1241 2514 1382 2575 bonarum
1412 2518 1518 2574 artium
1545 2520 1575 2575 in
1597 2520 1754 2581 Academia
1774 2523 2006 2603 Wittebergeusi
2033 2527 2156 2590 dirersis
2190 2546 2196 2559 ⁸

132 2599 314 2679 temporibus
336 2598 488 2657 dictandas
509 2599 660 2677 proposuit
672 2594 701 2676 *l
728 2595 776 2673 (id
797 2595 877 2673 quod
895 2595 1012 2654 Riocius
1035 2596 1065 2654 in
1087 2597 1213 2674 epistola
1233 2597 1411 2656 dedicatoria
1432 2596 1561 2680 refert),
1587 2623 1647 2661 non
1668 2607 1734 2685 ipse
1755 2618 1873 2686 auctor,
1901 2608 1954 2671 sed
1967 2612 2074 2691 Steph.
2085 2614 2158 2674 Rio-

132 2686 194 2744 cius
215 2684 317 2743 edidit.
359 2682 406 2741 Ex
427 2691 553 2759 quatuor
574 2700 676 2740 eorum
697 2680 893 2756 Editiouibus,
921 2697 993 2757 quas
1014 2680 1046 2737 in
1071 2681 1292 2760 Prolegomenis
1321 2686 1561 2761 commemorari,
1596 2687 1652 2746 bae
1681 2701 1743 2750 tres
1773 2693 1844 2752 milti
1870 2695 1911 2756 ed
1938 2712 2042 2759 manue
2070 2708 2156 2759 sust:

133 2766 170 2848 l)
191 2765 393 2848 Leucopetr.
415 2763 526 2842 leot„
553 2765 589 2843 2)
612 2757 736 2827 Gorle’o.
759 2761 872 2836 15⁶8..
900 2756 1079 2845 dimisi.
1102 2762 1214 2844 toea,
1244 2785 1316 2846 quas
1338 2768 1407 2828 solis
1427 2785 1570 2828 annorum
1590 2775 1720 2834 numeris
1741 2777 1918 2854 significabo.

255 2905 303 2964 Es
319 2905 377 3049 iii),
405 2921 482 2982 quae
505 2904 599 2965 editor
621 2904 653 2961 in
674 2902 719 2962 bis
744 2901 835 2963 tribus
856 2899 949 2962 Editt.
977 2904 1157 2982 argumentis
1179 2900 1375 2962 Melantbouis
1397 2905 1564 2983 praemisit,
1602 2907 1802 2969 tantummodo
1830 2912 1922 2975 hoece
1944 2914 2059 2994 Stigelii
2088 2920 2157 2997 epi·
2181 2868 2188 2891 i

131 3006 260 3069 gramma
280 3008 319 3050 er
341 3011 351 3049 ι
371 3007 470 3050 emus:

457 3113 491 3164 n.
511 3110 656 3164 loiseaco
673 3108 815 3176 stigetias
832 3108 867 3160 de
883 3106 955 3160 cios
972 3105 1100 3173 imagine
1116 3106 1151 3158 D.
1171 3104 1301 3172 Philippi
1317 3104 1532 3173 Melanthum,
1557 3108 1639 3162 Anao
1658 3109 1699 3201 M.
1714 3112 1749 3164 D.
1765 3112 1826 3166 bv.

744 3211 821 3264 Slcrrt
838 3208 901 3271 spis
917 3207 996 3258 vario
1014 3220 1119 3272 sugens
1137 3222 1152 3259 e
1169 3211 1238 3259 nore
1254 3207 1389 3272 liquorem

846 3276 947 3329 subtili
963 3289 1090 3339 pressum
1106 3278 1220 3329 ποῖαι-ο
1236 3278 1316 3343 augit
1333 3289 1419 3343 opus,

744 3348 791 3400 sic
808 3346 913 3398 selecta
930 3345 1013 3395 etism
1030 3344 1078 3395 tibi
1095 3358 1174 3396 meus
1190 3348 1292 3411 arguta
1309 3346 1531 3412 Melanthea,

845 3415 882 3465 nt
899 3413 977 3464 veris
996 3411 1087 3477 giguit
1104 3414 1211 3478 scripta
1227 3415 1333 3465 referta
1351 3415 1438 3466 bouis.

742 3484 815 3548 Quid
832 3482 959 3546 strepitis
976 3475 1055 3533 lucii
1078 3482 1125 3546 qul
1142 3487 1273 3547 quantum
1290 3482 1318 3532 lu
1336 3485 1448 3546 pectore
1466 3485 1542 3535 succi

844 3551 957 3611 Fertis,
984 3553 1019 3602 ab
1039 3550 1090 3600 boo
1106 3561 1162 3600 uua
1179 3551 1356 3612 surripuistis
1375 3561 1435 3612 ape.

741 3622 818 3670 liaeo
835 3618 896 3681 apis
913 3619 997 3668 officit
1013 3627 1133 3680 memor,
1160 3618 1190 3667 in
1208 3629 1349 3667 commnrm
1365 3619 1514 3682 laborans,

845 3688 919 3737 iisse
935 3686 995 3735 Deo
1015 3686 1141 3747 gratum,
1168 3685 1240 3745 quod
1256 3684 1341 3745 tecit,
1370 3695 1449 3734 omae
1466 3685 1549 3746 cupit.

744 3754 798 3817 oui
816 3752 916 3802 mundo
934 3751 1025 3813 potius
1041 3749 1099 3798 tuci
1115 3749 1256 3799 inservire
1273 3751 1420 3809 laborant,

845 3818 896 3869 ms
913 3829 964 3867 sue
983 3815 1152 3868 convertens
1171 3816 1296 3879 praemis
1316 3820 1390 3869 meta
1407 3818 1488 3870 teret.

741 3887 838 3941 cedite
859 3887 1013 3951 degeneres
1030 3886 1123 3936 tacsto
1144 3887 1258 3947 pectore
1275 3885 1347 3951 tuot,

843 3957 920 4005 naec
939 3954 1000 4017 epis
1019 3954 1064 4004 est
1083 3953 1144 4016 ipso
1163 3953 1272 4005 vindice
1289 3956 1349 4004 tnta
1366 3955 1435 4005 ltco.

745 4023 824 4085 Quod
844 4022 956 4072 stateo
974 4032 1056 4073 casco
1076 4020 1154 4072 iuvat
1170 4022 1296 4073 imaue
1312 4023 1425 4086 lurore,
1542 4020 1545 4025 '

816 4119 821 4127 ·
847 4091 984 4143 attatum
1003 4090 1132 4153 impletas
1153 4102 1209 4142 non
1224 4090 1302 4141 videt
1315 4092 1371 4142 ista
1388 4103 1483 4155 suum,

743 4157 797 4209 liei
814 4160 945 4223 quantum
963 4158 1067 4210 christi
1084 4159 1204 4209 alveolis
1222 4170 1336 4210 examen
1355 4162 1390 4210 ab
1405 4158 1491 4223 ipsis,

844 4229 875 4277 ln
892 4230 1018 4278 vestram
1035 4227 1155 4277 armabit
1172 4227 1278 4290 splcnle
1295 4229 1422 4291 prompte
1437 4239 1542 4281 neuen.

741 4294 838 4346 Gedite
855 4295 1009 4358 degeneres
1028 4295 1120 4345 luceto
1137 4298 1250 4358 metare
1268 4296 1340 4359 tuci,

844 4366 919 4415 ilaec
936 4364 997 4428 apis
1019 4364 1064 4414 est
1081 4362 1141 4427 lpsc
1159 4364 1267 4415 vindice
1284 4365 1345 4415 tuta
1361 4365 1429 4418 Deo.

124 4516 467 4531 —w-unn

158 4636 190 4703 ²¹¹)
208 4638 251 4688 Ex
268 4636 311 4695 bis
332 4632 514 4700 intelligitur,
536 4632 609 4684 uude
626 4635 705 4684 tauta
722 4635 819 4685 trorum
836 4637 1062 4699 argumentorum
1078 4634 1144 4689 atel.
1163 4631 1288 4683 vertetu
1304 4634 1366 4684 octa
1382 4633 1427 4685 stt.

144 4822 240 4917 0¹¹⁰
267 4825 466 4896 ²⁰¹¹⁸i¹i⁰
495 4823 670 4915 80ῖὶΡῑὸ
697 4836 803 4893 ⁵⁰⁰¹
828 4823 971 4894 inim
996 4825 1083 4896 ΒΗ·
1160 4854 1371 4925 describitur
1386 4867 1497 4928 status
1513 4855 1615 4949 regni
1630 4854 1751 4927 lsrael.
1802 4856 1880 4925 Hoc
1903 4857 2011 4948 igitur
2032 4858 2137 4932 initio

531 4927 602 4996 ⁶⁰¹
612 4924 703 4995 5⁰³?
1158 4957 1295 5028 discant
1312 4956 1563 5044 adolescentes,
1588 4970 1774 5051 pastorum
1790 4959 1951 5048 personis
1966 4971 2001 5029 et
2013 4960 2137 5052 liguris

226 5062 537 5155 supervacaneum
558 5075 610 5134 est
625 5085 809 5156 quaerere,
837 5086 928 5157 quac
944 5060 991 5132 sit
1004 5061 1105 5153 origo
1157 5059 1349 5151 significari
1363 5061 1449 5131 alias
1466 5083 1613 5151 magnas
1629 5082 1686 5130 res
1699 5058 1739 5127 in
1755 5057 1847 5143 vita,
1882 5073 1918 5130 et
1929 5063 2036 5133 scribi
2049 5058 2138 5136 haec

123 5164 284 5236 Bucolici
308 5165 487 5236 carminis.
539 5164 687 5256 Semper
710 5164 805 5233 enim
825 5165 971 5234 luerunt
994 5163 1105 5233 canti-
1155 5162 1304 5254 figurata
1329 5175 1495 5254 poemata
1516 5162 1573 5231 vel
1595 5161 1642 5230 ad
1671 5161 1964 5249 oblectationem,
2003 5167 2060 5235 vel
2090 5168 2137 5236 ad

122 5270 237 5353 lenae,
264 5280 299 5339 et
315 5267 455 5339 rusticis
471 5266 593 5357 figuris
608 5266 696 5337 alias
710 5289 766 5336 res
782 5290 822 5335 ac
835 5289 1005 5358 personas
1022 5289 1105 5335 can·
1155 5265 1455 5361 consolationem,
1494 5262 1552 5332 vel
1582 5264 1629 5332 ad
1661 5264 1967 5356 deplorationem,
2006 5269 2063 5336 vel
2090 5270 2136 5339 ad

123 5370 242 5444 tileuis
256 5371 456 5462 siguificare
472 5393 551 5440 mos
566 5368 653 5455 luit,
687 5379 728 5440 ut
749 5368 927 5440 canticum
942 5369 1104 5439 Salomo·
1151 5367 1298 5437 affectus
1323 5363 1438 5435 animi
1458 5390 1690 5462 quoscunque
1713 5367 1980 5460 significandos,
2010 5370 2068 5439 vel
2089 5371 2136 5440 ad

122 5473 179 5546 uis
203 5498 333 5569 magna
358 5499 400 5545 ex
421 5485 524 5567 parte
543 5470 751 5542 Bucolicum
774 5485 843 5556 est,
885 5496 956 5566 quo
983 5485 1105 5543 tamen
1154 5465 1523 5541 commonefaciendos
1537 5464 1723 5554 homines,
1749 5494 1789 5540 ac
1803 5472 1982 5542 docendos
2002 5470 2046 5540 de
2070 5471 2135 5542 ali-

174 5588 359 5661 blssauru.
381 5591 487 5657 Orsa.
509 5589 593 5654 Vos.
615 5587 706 5652 XIX.
1621 5574 1673 5646 20
1781 5572 1813 5671 g
