<?xml version="1.0" encoding="UTF-8"?>
<!DOCTYPE html PUBLIC "-//W3C//DTD XHTML 1.0 Transitional//EN"
    "http://www.w3.org/TR/xhtml1/DTD/xhtml1-transitional.dtd">
<html xmlns="http://www.w3.org/1999/xhtml" xml:lang="en" lang="en">
 <head>
  <title>
</title>
<meta http-equiv="Content-Type" content="text/html;charset=utf-8" />
  <meta name='ocr-system' content='tesseract 3.04.00' />
  <meta name='ocr-capabilities' content='ocr_page ocr_carea ocr_par ocr_line ocrx_word'/>
</head>
<body>
  <div class='ocr_page' id='page_1' title='image "./philippimelanth03melagoog_0124.png"; bbox 0 0 4762 6008; ppageno 0'>
   <div class='ocr_carea' id='block_1_1' title="bbox 53 236 2093 362">
    <p class='ocr_par' dir='ltr' id='par_1_1' title="bbox 53 236 2093 362">
     <span class='ocr_line' id='line_1_1' title="bbox 53 236 2093 362; baseline 0.007 -30"><span class='ocrx_word' id='word_1_1' title='bbox 53 278 130 355; x_wconf 68' lang='lat'><strong>„1</strong></span> <span class='ocrx_word' id='word_1_2' title='bbox 478 267 650 341; x_wconf 73' lang='lat' dir='ltr'><strong>rxxxn.</strong></span> <span class='ocrx_word' id='word_1_3' title='bbox 700 267 1097 343; x_wconf 70' lang='lat' dir='ltr'><strong>uruaraa‘rano</strong></span> <span class='ocrx_word' id='word_1_4' title='bbox 1128 270 1422 355; x_wconf 79' lang='lat' dir='ltr'><strong>rrrnrounu</strong></span> <span class='ocrx_word' id='word_1_5' title='bbox 1454 271 1662 348; x_wconf 78' lang='lat' dir='ltr'><strong>aunan.</strong></span> <span class='ocrx_word' id='word_1_6' title='bbox 2007 236 2093 362; x_wconf 53' lang='grc' dir='ltr'><strong>ιη’</strong></span> 
     </span>
    </p>
   </div>
   <div class='ocr_carea' id='block_1_2' title="bbox 41 436 2085 5368">
    <p class='ocr_par' dir='ltr' id='par_1_2' title="bbox 41 436 2085 5368">
     <span class='ocr_line' id='line_1_2' title="bbox 71 436 2083 540; baseline 0.005 -27"><span class='ocrx_word' id='word_1_7' title='bbox 71 509 74 513; x_wconf 87' lang='grc'><em>,</em></span> <span class='ocrx_word' id='word_1_8' title='bbox 161 445 258 516; x_wconf 88' lang='lat' dir='ltr'><strong>llaec</strong></span> <span class='ocrx_word' id='word_1_9' title='bbox 273 443 374 534; x_wconf 90' lang='lat' dir='ltr'><strong>gleba</strong></span> <span class='ocrx_word' id='word_1_10' title='bbox 398 441 526 515; x_wconf 85' lang='lat' dir='ltr'><strong>efficiet</strong></span> <span class='ocrx_word' id='word_1_11' title='bbox 540 436 698 510; x_wconf 89' lang='lat' dir='ltr'><strong>Theram</strong></span> <span class='ocrx_word' id='word_1_12' title='bbox 724 442 801 511; x_wconf 87' lang='lat' dir='ltr'><strong>sore</strong></span> <span class='ocrx_word' id='word_1_13' title='bbox 826 442 1044 533; x_wconf 80' lang='lat' dir='ltr'><strong>metropolin</strong></span> <span class='ocrx_word' id='word_1_14' title='bbox 1096 443 1304 538; x_wconf 82' lang='lat' dir='ltr'><strong>Minyae⁷),</strong></span> <span class='ocrx_word' id='word_1_15' title='bbox 1341 444 1513 516; x_wconf 83' lang='lat' dir='ltr'><strong>divinitus</strong></span> <span class='ocrx_word' id='word_1_16' title='bbox 1544 458 1756 537; x_wconf 88' lang='lat' dir='ltr'><strong>acceperunt</strong></span> <span class='ocrx_word' id='word_1_17' title='bbox 1784 448 1943 540; x_wconf 79' lang='lat' dir='ltr'><strong>glebam,</strong></span> <span class='ocrx_word' id='word_1_18' title='bbox 1986 455 2083 524; x_wconf 91' lang='lat' dir='ltr'><strong>unde</strong></span> 
     </span>
     <span class='ocr_line' id='line_1_3' title="bbox 55 543 1473 640; baseline -0.001 -19"><span class='ocrx_word' id='word_1_19' title='bbox 55 571 271 640; x_wconf 72' lang='lat' dir='ltr'><strong>magnarum</strong></span> <span class='ocrx_word' id='word_1_20' title='bbox 287 545 454 627; x_wconf 90' lang='lat' dir='ltr'><strong>urbium,</strong></span> <span class='ocrx_word' id='word_1_21' title='bbox 480 567 588 638; x_wconf 93' lang='lat' dir='ltr'><strong>quam</strong></span> <span class='ocrx_word' id='word_1_22' title='bbox 612 543 651 611; x_wconf 95' lang='lat' dir='ltr'><strong>in</strong></span> <span class='ocrx_word' id='word_1_23' title='bbox 671 543 753 612; x_wconf 88' lang='lat' dir='ltr'><strong>lacu</strong></span> <span class='ocrx_word' id='word_1_24' title='bbox 768 543 959 614; x_wconf 82' lang='lat' dir='ltr'>Tritonide</span> <span class='ocrx_word' id='word_1_25' title='bbox 972 543 1046 614; x_wconf 88' lang='lat' dir='ltr'><strong>Eu·</strong></span> <span class='ocrx_word' id='word_1_26' title='bbox 1096 548 1168 616; x_wconf 91' lang='lat' dir='ltr'><strong>orti</strong></span> <span class='ocrx_word' id='word_1_27' title='bbox 1183 558 1268 617; x_wconf 88' lang='lat' dir='ltr'><strong>sunt</strong></span> <span class='ocrx_word' id='word_1_28' title='bbox 1286 545 1473 639; x_wconf 81' lang='lat' dir='ltr'><strong>Cyrenaei.</strong></span> 
     </span>
     <span class='ocr_line' id='line_1_4' title="bbox 56 646 2084 747; baseline 0.003 -27"><span class='ocrx_word' id='word_1_29' title='bbox 56 646 210 745; x_wconf 89' lang='lat' dir='ltr'><strong>phemus</strong></span> <span class='ocrx_word' id='word_1_30' title='bbox 227 648 383 739; x_wconf 89' lang='lat' dir='ltr'><strong>accepit,</strong></span> <span class='ocrx_word' id='word_1_31' title='bbox 409 646 624 717; x_wconf 87' lang='lat' dir='ltr'><strong>descendens</strong></span> <span class='ocrx_word' id='word_1_32' title='bbox 649 671 667 714; x_wconf 91' lang='lat' dir='ltr'><strong>e</strong></span> <span class='ocrx_word' id='word_1_33' title='bbox 690 670 796 735; x_wconf 89' lang='lat' dir='ltr'><strong>prora</strong></span> <span class='ocrx_word' id='word_1_34' title='bbox 824 646 943 715; x_wconf 87' lang='lat' dir='ltr'><strong>aDeo</strong></span> <span class='ocrx_word' id='word_1_35' title='bbox 967 647 1061 717; x_wconf 58' lang='lat' dir='ltr'><strong>visor</strong></span> <span class='ocrx_word' id='word_1_36' title='bbox 1198 647 1291 742; x_wconf 78' lang='lat' dir='ltr'><strong>(scr.</strong></span> <span class='ocrx_word' id='word_1_37' title='bbox 1308 646 1363 744; x_wconf 82' lang='grc'><strong>4.)</strong></span> <span class='ocrx_word' id='word_1_38' title='bbox 1389 648 1497 741; x_wconf 84' lang='lat' dir='ltr'><strong>Quod</strong></span> <span class='ocrx_word' id='word_1_39' title='bbox 1510 649 1579 719; x_wconf 81' lang='lat' dir='ltr'><strong>luit</strong></span> <span class='ocrx_word' id='word_1_40' title='bbox 1598 650 1741 721; x_wconf 89' lang='lat' dir='ltr'><strong>initium</strong></span> <span class='ocrx_word' id='word_1_41' title='bbox 1767 652 1863 725; x_wconf 90' lang='lat' dir='ltr'><strong>illius</strong></span> <span class='ocrx_word' id='word_1_42' title='bbox 1883 656 2084 747; x_wconf 82' lang='lat' dir='ltr'><strong>navigatio·</strong></span> 
     </span>
     <span class='ocr_line' id='line_1_5' title="bbox 57 746 2085 844; baseline 0.003 -23"><span class='ocrx_word' id='word_1_43' title='bbox 57 752 129 823; x_wconf 82' lang='lat' dir='ltr'><strong>riri</strong></span> <span class='ocrx_word' id='word_1_44' title='bbox 142 751 278 842; x_wconf 88' lang='lat' dir='ltr'><strong>specie,</strong></span> <span class='ocrx_word' id='word_1_45' title='bbox 304 752 412 819; x_wconf 87' lang='lat' dir='ltr'><strong>dante</strong></span> <span class='ocrx_word' id='word_1_46' title='bbox 425 749 564 840; x_wconf 88' lang='lat' dir='ltr'><strong>glebam</strong></span> <span class='ocrx_word' id='word_1_47' title='bbox 581 749 656 817; x_wconf 91' lang='lat' dir='ltr'><strong>vice</strong></span> <span class='ocrx_word' id='word_1_48' title='bbox 678 748 785 818; x_wconf 84' lang='lat' dir='ltr'><strong>xenii.</strong></span> <span class='ocrx_word' id='word_1_49' title='bbox 841 746 881 819; x_wconf 93' lang='lat' dir='ltr'><strong>ld</strong></span> <span class='ocrx_word' id='word_1_50' title='bbox 902 750 1043 839; x_wconf 90' lang='lat' dir='ltr'><strong>signum</strong></span> <span class='ocrx_word' id='word_1_51' title='bbox 1096 748 1176 821; x_wconf 83' lang='lat' dir='ltr'><strong>nis?</strong></span> <span class='ocrx_word' id='word_1_52' title='bbox 1239 751 1348 843; x_wconf 83' lang='lat' dir='ltr'><strong>Quod</strong></span> <span class='ocrx_word' id='word_1_53' title='bbox 1371 751 1570 844; x_wconf 88' lang='lat' dir='ltr'><strong>pericnlum</strong></span> <span class='ocrx_word' id='word_1_54' title='bbox 1593 756 1835 825; x_wconf 75' lang='lat' dir='ltr'><strong>adamantinis</strong></span> <span class='ocrx_word' id='word_1_55' title='bbox 1864 758 1974 829; x_wconf 84' lang='lat' dir='ltr'><strong>clavis</strong></span> <span class='ocrx_word' id='word_1_56' title='bbox 2005 757 2085 827; x_wconf 90' lang='lat' dir='ltr'><strong>alli·</strong></span> 
     </span>
     <span class='ocr_line' id='line_1_6' title="bbox 56 849 1316 947; baseline -0.002 -22"><span class='ocrx_word' id='word_1_57' title='bbox 56 856 214 935; x_wconf 73' lang='lat' dir='ltr'><strong>lsnstum</strong></span> <span class='ocrx_word' id='word_1_58' title='bbox 231 877 305 923; x_wconf 88' lang='lat' dir='ltr'><strong>esse</strong></span> <span class='ocrx_word' id='word_1_59' title='bbox 321 850 455 944; x_wconf 89' lang='lat' dir='ltr'><strong>lupiter</strong></span> <span class='ocrx_word' id='word_1_60' title='bbox 470 850 607 921; x_wconf 81' lang='lat' dir='ltr'><strong>tonitru</strong></span> <span class='ocrx_word' id='word_1_61' title='bbox 620 850 850 941; x_wconf 85' lang='lat' dir='ltr'><strong>significavit,</strong></span> <span class='ocrx_word' id='word_1_62' title='bbox 883 849 974 943; x_wconf 78' lang='lat' dir='ltr'><strong>(Str.</strong></span> <span class='ocrx_word' id='word_1_63' title='bbox 989 850 1044 947; x_wconf 69' lang='lat'><strong>2.)</strong></span> <span class='ocrx_word' id='word_1_64' title='bbox 1096 851 1193 944; x_wconf 88' lang='lat' dir='ltr'><strong>gavit</strong></span> <span class='ocrx_word' id='word_1_65' title='bbox 1209 852 1316 924; x_wconf 83' lang='lat' dir='ltr'><strong>eum?</strong></span> 
     </span>
     <span class='ocr_line' id='line_1_7' title="bbox 59 949 2084 1051; baseline 0.003 -26"><span class='ocrx_word' id='word_1_66' title='bbox 59 956 207 1051; x_wconf 86' lang='lat' dir='ltr'><strong>quando</strong></span> <span class='ocrx_word' id='word_1_67' title='bbox 238 954 393 1024; x_wconf 88' lang='lat' dir='ltr'><strong>occurrit</strong></span> <span class='ocrx_word' id='word_1_68' title='bbox 425 952 557 1023; x_wconf 85' lang='lat' dir='ltr'><strong>Triton</strong></span> <span class='ocrx_word' id='word_1_69' title='bbox 573 953 880 1042; x_wconf 79' lang='lat' dir='ltr'><strong>suspendentibus</strong></span> <span class='ocrx_word' id='word_1_70' title='bbox 912 949 1044 1023; x_wconf 64' lang='lat' dir='ltr'><strong>anchoss</strong></span> <span class='ocrx_word' id='word_1_71' title='bbox 1196 953 1320 1025; x_wconf 83' lang='lat' dir='ltr'><strong>Fatale</strong></span> <span class='ocrx_word' id='word_1_72' title='bbox 1344 952 1446 1037; x_wconf 88' lang='lat' dir='ltr'><strong>&#39;erat,</strong></span> <span class='ocrx_word' id='word_1_73' title='bbox 1484 954 1636 1026; x_wconf 86' lang='lat' dir='ltr'><strong>interfici</strong></span> <span class='ocrx_word' id='word_1_74' title='bbox 1657 955 1794 1026; x_wconf 87' lang='lat' dir='ltr'><strong>Peliam</strong></span> <span class='ocrx_word' id='word_1_75' title='bbox 1813 959 1989 1030; x_wconf 81' lang='lat' dir='ltr'><strong>Aeoliden</strong></span> <span class='ocrx_word' id='word_1_76' title='bbox 2019 983 2084 1031; x_wconf 89' lang='lat' dir='ltr'><strong>seu</strong></span> 
     </span>
     <span class='ocr_line' id='line_1_8' title="bbox 59 1054 2079 1150; baseline 0.001 -21"><span class='ocrx_word' id='word_1_77' title='bbox 59 1082 160 1142; x_wconf 83' lang='lat' dir='ltr'><strong>ram,</strong></span> <span class='ocrx_word' id='word_1_78' title='bbox 185 1081 277 1150; x_wconf 88' lang='lat' dir='ltr'><strong>quae</strong></span> <span class='ocrx_word' id='word_1_79' title='bbox 292 1067 371 1126; x_wconf 89' lang='lat' dir='ltr'><strong>erat</strong></span> <span class='ocrx_word' id='word_1_80' title='bbox 383 1058 524 1125; x_wconf 85' lang='lat' dir='ltr'><strong>frenum</strong></span> <span class='ocrx_word' id='word_1_81' title='bbox 542 1054 644 1125; x_wconf 88' lang='lat' dir='ltr'><strong>navis</strong></span> <span class='ocrx_word' id='word_1_82' title='bbox 656 1056 768 1145; x_wconf 81' lang='lat' dir='ltr'><strong>Argo.</strong></span> <span class='ocrx_word' id='word_1_83' title='bbox 1096 1079 1226 1139; x_wconf 89' lang='lat' dir='ltr'><strong>manu,</strong></span> <span class='ocrx_word' id='word_1_84' title='bbox 1258 1081 1320 1127; x_wconf 87' lang='lat' dir='ltr'><strong>seu</strong></span> <span class='ocrx_word' id='word_1_85' title='bbox 1344 1057 1492 1126; x_wconf 89' lang='lat' dir='ltr'><strong>consilio</strong></span> <span class='ocrx_word' id='word_1_86' title='bbox 1518 1058 1746 1129; x_wconf 89' lang='lat' dir='ltr'><strong>immutabili.</strong></span> <span class='ocrx_word' id='word_1_87' title='bbox 1812 1061 1904 1131; x_wconf 87' lang='lat' dir='ltr'><strong>lluic</strong></span> <span class='ocrx_word' id='word_1_88' title='bbox 1929 1060 2079 1131; x_wconf 92' lang='lat' dir='ltr'><strong>horren·</strong></span> 
     </span>
     <span class='ocr_line' id='line_1_9' title="bbox 162 1154 2084 1248; baseline 0.003 -20"><span class='ocrx_word' id='word_1_89' title='bbox 162 1158 269 1231; x_wconf 88' lang='lat' dir='ltr'><strong>Prius</strong></span> <span class='ocrx_word' id='word_1_90' title='bbox 289 1157 479 1230; x_wconf 82' lang='lat' dir='ltr'><strong>duodecim</strong></span> <span class='ocrx_word' id='word_1_91' title='bbox 501 1158 576 1228; x_wconf 91' lang='lat' dir='ltr'><strong>dies</strong></span> <span class='ocrx_word' id='word_1_92' title='bbox 600 1180 642 1225; x_wconf 85' lang='lat' dir='ltr'><strong>ex</strong></span> <span class='ocrx_word' id='word_1_93' title='bbox 663 1154 807 1226; x_wconf 86' lang='lat' dir='ltr'><strong>Oceano</strong></span> <span class='ocrx_word' id='word_1_94' title='bbox 830 1157 1045 1248; x_wconf 87' lang='lat' dir='ltr'><strong>gestavimus</strong></span> <span class='ocrx_word' id='word_1_95' title='bbox 1097 1158 1183 1227; x_wconf 91' lang='lat' dir='ltr'><strong>dnm</strong></span> <span class='ocrx_word' id='word_1_96' title='bbox 1199 1160 1382 1228; x_wconf 86' lang='lat' dir='ltr'><strong>oraculum</strong></span> <span class='ocrx_word' id='word_1_97' title='bbox 1400 1162 1523 1229; x_wconf 87' lang='lat' dir='ltr'><strong>datum</strong></span> <span class='ocrx_word' id='word_1_98' title='bbox 1541 1172 1619 1230; x_wconf 88' lang='lat' dir='ltr'><strong>erat</strong></span> <span class='ocrx_word' id='word_1_99' title='bbox 1632 1160 1670 1228; x_wconf 90' lang='lat' dir='ltr'><strong>iu</strong></span> <span class='ocrx_word' id='word_1_100' title='bbox 1687 1161 1808 1230; x_wconf 90' lang='lat' dir='ltr'><strong>medio</strong></span> <span class='ocrx_word' id='word_1_101' title='bbox 1826 1164 1997 1233; x_wconf 87' lang='lat' dir='ltr'><strong>umbilico</strong></span> <span class='ocrx_word' id='word_1_102' title='bbox 2012 1177 2084 1234; x_wconf 92' lang='lat' dir='ltr'><strong>ter·</strong></span> 
     </span>
     <span class='ocr_line' id='line_1_10' title="bbox 60 1255 2082 1354; baseline 0.001 -21"><span class='ocrx_word' id='word_1_103' title='bbox 60 1260 183 1333; x_wconf 84' lang='lat' dir='ltr'><strong>navim</strong></span> <span class='ocrx_word' id='word_1_104' title='bbox 206 1257 385 1344; x_wconf 88' lang='lat' dir='ltr'><strong>humeris,</strong></span> <span class='ocrx_word' id='word_1_105' title='bbox 410 1283 476 1349; x_wconf 89' lang='lat' dir='ltr'><strong>per</strong></span> <span class='ocrx_word' id='word_1_106' title='bbox 495 1261 571 1329; x_wconf 90' lang='lat' dir='ltr'><strong>loca</strong></span> <span class='ocrx_word' id='word_1_107' title='bbox 593 1259 732 1328; x_wconf 90' lang='lat' dir='ltr'><strong>deserta</strong></span> <span class='ocrx_word' id='word_1_108' title='bbox 757 1255 938 1330; x_wconf 90' lang='lat' dir='ltr'><strong>trahentes</strong></span> <span class='ocrx_word' id='word_1_109' title='bbox 963 1283 1045 1328; x_wconf 88' lang='lat' dir='ltr'><strong>meo</strong></span> <span class='ocrx_word' id='word_1_110' title='bbox 1095 1283 1178 1341; x_wconf 88' lang='lat' dir='ltr'><strong>rae;</strong></span> <span class='ocrx_word' id='word_1_111' title='bbox 1219 1261 1332 1330; x_wconf 90' lang='lat' dir='ltr'><strong>altero</strong></span> <span class='ocrx_word' id='word_1_112' title='bbox 1359 1273 1500 1333; x_wconf 88' lang='lat' dir='ltr'><strong>tantum</strong></span> <span class='ocrx_word' id='word_1_113' title='bbox 1533 1265 1624 1354; x_wconf 91' lang='lat' dir='ltr'><strong>pede</strong></span> <span class='ocrx_word' id='word_1_114' title='bbox 1655 1265 1850 1334; x_wconf 87' lang='lat' dir='ltr'><strong>calceatum</strong></span> <span class='ocrx_word' id='word_1_115' title='bbox 1883 1268 2082 1336; x_wconf 90' lang='lat' dir='ltr'><strong>cavendum</strong></span> 
     </span>
     <span class='ocr_line' id='line_1_11' title="bbox 61 1355 2081 1467; baseline 0.001 -32"><span class='ocrx_word' id='word_1_116' title='bbox 61 1362 222 1436; x_wconf 85' lang='lat' dir='ltr'><strong>consilio.</strong></span> <span class='ocrx_word' id='word_1_117' title='bbox 289 1364 393 1432; x_wconf 89' lang='lat' dir='ltr'><strong>Tunc</strong></span> <span class='ocrx_word' id='word_1_118' title='bbox 415 1361 546 1432; x_wconf 85' lang='lat' dir='ltr'><strong>Triton</strong></span> <span class='ocrx_word' id='word_1_119' title='bbox 580 1355 725 1431; x_wconf 87' lang='lat' dir='ltr'><strong>accessit</strong></span> <span class='ocrx_word' id='word_1_120' title='bbox 754 1361 871 1453; x_wconf 91' lang='lat' dir='ltr'><strong>specie</strong></span> <span class='ocrx_word' id='word_1_121' title='bbox 903 1358 1047 1432; x_wconf 90' lang='lat' dir='ltr'><strong>honesti</strong></span> <span class='ocrx_word' id='word_1_122' title='bbox 1098 1386 1192 1445; x_wconf 86' lang='lat' dir='ltr'><strong>esse,</strong></span> <span class='ocrx_word' id='word_1_123' title='bbox 1217 1365 1363 1457; x_wconf 91' lang='lat' dir='ltr'><strong>quando</strong></span> <span class='ocrx_word' id='word_1_124' title='bbox 1384 1365 1429 1432; x_wconf 93' lang='lat' dir='ltr'><strong>ab</strong></span> <span class='ocrx_word' id='word_1_125' title='bbox 1453 1363 1533 1435; x_wconf 89' lang='lat' dir='ltr'><strong>altis</strong></span> <span class='ocrx_word' id='word_1_126' title='bbox 1555 1364 1738 1467; x_wconf 73' lang='lat' dir='ltr'><strong>montibus</strong></span> <span class='ocrx_word' id='word_1_127' title='bbox 1760 1366 1899 1435; x_wconf 88' lang='lat' dir='ltr'><strong>veniret</strong></span> <span class='ocrx_word' id='word_1_128' title='bbox 1920 1368 1966 1436; x_wconf 93' lang='lat' dir='ltr'><strong>ad</strong></span> <span class='ocrx_word' id='word_1_129' title='bbox 1990 1367 2081 1438; x_wconf 92' lang='lat' dir='ltr'><strong>occi·</strong></span> 
     </span>
     <span class='ocr_line' id='line_1_12' title="bbox 41 1462 1826 1561; baseline 0.001 -26"><span class='ocrx_word' id='word_1_130' title='bbox 41 1544 44 1551; x_wconf 21' lang='lat'><strong>⁴</strong></span> <span class='ocrx_word' id='word_1_131' title='bbox 61 1464 142 1548; x_wconf 87' lang='lat' dir='ltr'><strong>viri,</strong></span> <span class='ocrx_word' id='word_1_132' title='bbox 168 1477 205 1535; x_wconf 93' lang='lat' dir='ltr'><strong>et</strong></span> <span class='ocrx_word' id='word_1_133' title='bbox 217 1465 341 1536; x_wconf 88' lang='lat' dir='ltr'><strong>amicis</strong></span> <span class='ocrx_word' id='word_1_134' title='bbox 355 1463 579 1535; x_wconf 74' lang='lat' dir='ltr'><strong>sermonibus</strong></span> <span class='ocrx_word' id='word_1_135' title='bbox 594 1487 661 1534; x_wconf 86' lang='lat' dir='ltr'><strong>nos</strong></span> <span class='ocrx_word' id='word_1_136' title='bbox 677 1462 850 1535; x_wconf 88' lang='lat' dir='ltr'><strong>allocutus</strong></span> <span class='ocrx_word' id='word_1_137' title='bbox 866 1477 931 1548; x_wconf 88' lang='lat' dir='ltr'><strong>est,</strong></span> <span class='ocrx_word' id='word_1_138' title='bbox 956 1465 1047 1534; x_wconf 90' lang='lat' dir='ltr'><strong>sicut</strong></span> <span class='ocrx_word' id='word_1_139' title='bbox 1097 1467 1207 1534; x_wconf 87' lang='lat' dir='ltr'><strong>duam</strong></span> <span class='ocrx_word' id='word_1_140' title='bbox 1225 1477 1358 1535; x_wconf 89' lang='lat' dir='ltr'><strong>terram</strong></span> <span class='ocrx_word' id='word_1_141' title='bbox 1374 1466 1526 1558; x_wconf 85' lang='lat' dir='ltr'><strong>inclytae</strong></span> <span class='ocrx_word' id='word_1_142' title='bbox 1542 1464 1668 1561; x_wconf 85' lang='lat' dir='ltr'><strong>lolci⁸)</strong></span> <span class='ocrx_word' id='word_1_143' title='bbox 1683 1463 1826 1558; x_wconf 86' lang='lat' dir='ltr'><strong>hospes.</strong></span> 
     </span>
     <span class='ocr_line' id='line_1_13' title="bbox 62 1561 2080 1664; baseline 0.001 -27"><span class='ocrx_word' id='word_1_144' title='bbox 62 1563 262 1659; x_wconf 85' lang='lat' dir='ltr'><strong>hospitibus</strong></span> <span class='ocrx_word' id='word_1_145' title='bbox 286 1566 508 1639; x_wconf 83' lang='lat' dir='ltr'><strong>venientibus</strong></span> <span class='ocrx_word' id='word_1_146' title='bbox 533 1561 696 1637; x_wconf 87' lang='lat' dir='ltr'><strong>hominos</strong></span> <span class='ocrx_word' id='word_1_147' title='bbox 718 1566 865 1637; x_wconf 78' lang='lat' dir='ltr'><strong>benefici</strong></span> <span class='ocrx_word' id='word_1_148' title='bbox 890 1566 1047 1637; x_wconf 84' lang='lat' dir='ltr'><strong>offerunt</strong></span> <span class='ocrx_word' id='word_1_149' title='bbox 1198 1565 1300 1660; x_wconf 66' lang='lat' dir='ltr'><strong>(Aac.</strong></span> <span class='ocrx_word' id='word_1_150' title='bbox 1315 1568 1369 1664; x_wconf 83' lang='lat'><strong>4.)</strong></span> <span class='ocrx_word' id='word_1_151' title='bbox 1400 1566 1509 1638; x_wconf 86' lang='lat' dir='ltr'><strong>Venit</strong></span> <span class='ocrx_word' id='word_1_152' title='bbox 1534 1568 1642 1659; x_wconf 91' lang='lat' dir='ltr'><strong>igitur</strong></span> <span class='ocrx_word' id='word_1_153' title='bbox 1663 1570 1808 1638; x_wconf 91' lang='lat' dir='ltr'><strong>tandem</strong></span> <span class='ocrx_word' id='word_1_154' title='bbox 1830 1569 1999 1640; x_wconf 88' lang='lat' dir='ltr'><strong>terribilis</strong></span> <span class='ocrx_word' id='word_1_155' title='bbox 2022 1570 2080 1641; x_wconf 89' lang='lat' dir='ltr'><strong>ille</strong></span> 
     </span>
     <span class='ocr_line' id='line_1_14' title="bbox 63 1667 2081 1762; baseline 0.001 -23"><span class='ocrx_word' id='word_1_156' title='bbox 63 1669 190 1739; x_wconf 83' lang='lat' dir='ltr'><strong>officia.</strong></span> <span class='ocrx_word' id='word_1_157' title='bbox 1097 1668 1247 1760; x_wconf 86' lang='lat' dir='ltr'><strong>geminis</strong></span> <span class='ocrx_word' id='word_1_158' title='bbox 1263 1667 1392 1753; x_wconf 90' lang='lat' dir='ltr'><strong>hastis,</strong></span> <span class='ocrx_word' id='word_1_159' title='bbox 1415 1683 1451 1739; x_wconf 90' lang='lat' dir='ltr'><strong>et</strong></span> <span class='ocrx_word' id='word_1_160' title='bbox 1471 1671 1603 1762; x_wconf 84' lang='lat' dir='ltr'><strong>duplici</strong></span> <span class='ocrx_word' id='word_1_161' title='bbox 1626 1669 1774 1750; x_wconf 89' lang='lat' dir='ltr'><strong>vestitu;</strong></span> <span class='ocrx_word' id='word_1_162' title='bbox 1807 1671 1927 1742; x_wconf 87' lang='lat' dir='ltr'><strong>tunica</strong></span> <span class='ocrx_word' id='word_1_163' title='bbox 1951 1672 2081 1743; x_wconf 90' lang='lat' dir='ltr'><strong>usitata</strong></span> 
     </span>
     <span class='ocr_line' id='line_1_15' title="bbox 165 1768 2081 1864; baseline 0.002 -24"><span class='ocrx_word' id='word_1_164' title='bbox 165 1769 266 1864; x_wconf 67' lang='lat' dir='ltr'><strong>(Aac.</strong></span> <span class='ocrx_word' id='word_1_165' title='bbox 279 1772 332 1864; x_wconf 80' lang='lat'><strong>2.)</strong></span> <span class='ocrx_word' id='word_1_166' title='bbox 356 1769 425 1841; x_wconf 85' lang='lat' dir='ltr'><strong>Sed</strong></span> <span class='ocrx_word' id='word_1_167' title='bbox 439 1794 506 1842; x_wconf 92' lang='lat' dir='ltr'><strong>nos</strong></span> <span class='ocrx_word' id='word_1_168' title='bbox 521 1794 665 1840; x_wconf 90' lang='lat' dir='ltr'><strong>manere</strong></span> <span class='ocrx_word' id='word_1_169' title='bbox 682 1770 732 1841; x_wconf 89' lang='lat' dir='ltr'><strong>ibi</strong></span> <span class='ocrx_word' id='word_1_170' title='bbox 746 1769 940 1841; x_wconf 89' lang='lat' dir='ltr'><strong>noluimus.</strong></span> <span class='ocrx_word' id='word_1_171' title='bbox 982 1768 1047 1839; x_wconf 89' lang='lat' dir='ltr'><strong>Di·</strong></span> <span class='ocrx_word' id='word_1_172' title='bbox 1097 1771 1308 1863; x_wconf 86' lang='lat' dir='ltr'><strong>Magnesiis,</strong></span> <span class='ocrx_word' id='word_1_173' title='bbox 1333 1773 1504 1844; x_wconf 90' lang='lat' dir='ltr'><strong>membris</strong></span> <span class='ocrx_word' id='word_1_174' title='bbox 1518 1772 1592 1843; x_wconf 92' lang='lat' dir='ltr'><strong>eius</strong></span> <span class='ocrx_word' id='word_1_175' title='bbox 1608 1773 1822 1844; x_wconf 89' lang='lat' dir='ltr'><strong>conveniens</strong></span> <span class='ocrx_word' id='word_1_176' title='bbox 1845 1785 1935 1843; x_wconf 88' lang='lat' dir='ltr'><strong>erat:</strong></span> <span class='ocrx_word' id='word_1_177' title='bbox 1968 1774 2081 1845; x_wconf 89' lang='lat' dir='ltr'><strong>altera</strong></span> 
     </span>
     <span class='ocr_line' id='line_1_16' title="bbox 64 1870 2081 1969; baseline 0 -24"><span class='ocrx_word' id='word_1_178' title='bbox 64 1874 165 1945; x_wconf 89' lang='lat' dir='ltr'><strong>rebat</strong></span> <span class='ocrx_word' id='word_1_179' title='bbox 184 1884 303 1943; x_wconf 89' lang='lat' dir='ltr'><strong>autem</strong></span> <span class='ocrx_word' id='word_1_180' title='bbox 327 1870 477 1956; x_wconf 81' lang='lat' dir='ltr'><strong>Triton,</strong></span> <span class='ocrx_word' id='word_1_181' title='bbox 510 1898 546 1944; x_wconf 91' lang='lat' dir='ltr'><strong>se</strong></span> <span class='ocrx_word' id='word_1_182' title='bbox 569 1872 728 1966; x_wconf 90' lang='lat' dir='ltr'><strong>Neptuni</strong></span> <span class='ocrx_word' id='word_1_183' title='bbox 750 1873 862 1944; x_wconf 89' lang='lat' dir='ltr'><strong>filium</strong></span> <span class='ocrx_word' id='word_1_184' title='bbox 884 1897 957 1943; x_wconf 91' lang='lat' dir='ltr'><strong>csse</strong></span> <span class='ocrx_word' id='word_1_185' title='bbox 974 1871 1046 1942; x_wconf 90' lang='lat' dir='ltr'><strong>Eu·</strong></span> <span class='ocrx_word' id='word_1_186' title='bbox 1098 1874 1270 1959; x_wconf 83' lang='lat' dir='ltr'><strong>exterior,</strong></span> <span class='ocrx_word' id='word_1_187' title='bbox 1308 1875 1410 1966; x_wconf 91' lang='lat' dir='ltr'><strong>pellis</strong></span> <span class='ocrx_word' id='word_1_188' title='bbox 1433 1888 1511 1944; x_wconf 88' lang='lat' dir='ltr'><strong>erat</strong></span> <span class='ocrx_word' id='word_1_189' title='bbox 1533 1875 1759 1966; x_wconf 90' lang='lat' dir='ltr'><strong>pardalidos,</strong></span> <span class='ocrx_word' id='word_1_190' title='bbox 1800 1899 1893 1969; x_wconf 88' lang='lat' dir='ltr'><strong>quae</strong></span> <span class='ocrx_word' id='word_1_191' title='bbox 1917 1875 2081 1968; x_wconf 88' lang='lat' dir='ltr'><strong>capiebat</strong></span> 
     </span>
     <span class='ocr_line' id='line_1_17' title="bbox 63 1970 2080 2073; baseline 0.001 -28"><span class='ocrx_word' id='word_1_192' title='bbox 63 1970 248 2073; x_wconf 87' lang='lat' dir='ltr'><strong>rypylum,</strong></span> <span class='ocrx_word' id='word_1_193' title='bbox 274 1975 431 2068; x_wconf 90' lang='lat' dir='ltr'><strong>quicum</strong></span> <span class='ocrx_word' id='word_1_194' title='bbox 451 1975 664 2069; x_wconf 80' lang='lat' dir='ltr'><strong>intelligeret</strong></span> <span class='ocrx_word' id='word_1_195' title='bbox 681 2001 747 2049; x_wconf 92' lang='lat' dir='ltr'><strong>uos</strong></span> <span class='ocrx_word' id='word_1_196' title='bbox 761 1975 948 2059; x_wconf 79' lang='lat' dir='ltr'><strong>festinare,</strong></span> <span class='ocrx_word' id='word_1_197' title='bbox 974 1975 1046 2066; x_wconf 89' lang='lat' dir='ltr'><strong>gle·</strong></span> <span class='ocrx_word' id='word_1_198' title='bbox 1097 1972 1265 2048; x_wconf 88' lang='lat' dir='ltr'><strong>horridos</strong></span> <span class='ocrx_word' id='word_1_199' title='bbox 1277 1977 1427 2059; x_wconf 64' lang='lat' dir='ltr'><strong>imbrem</strong></span> <span class='ocrx_word' id='word_1_200' title='bbox 1453 2001 1519 2047; x_wconf 90' lang='lat' dir='ltr'><strong>nec</strong></span> <span class='ocrx_word' id='word_1_201' title='bbox 1535 1978 1631 2048; x_wconf 91' lang='lat' dir='ltr'><strong>tonsi</strong></span> <span class='ocrx_word' id='word_1_202' title='bbox 1645 1989 1748 2047; x_wconf 90' lang='lat' dir='ltr'><strong>erant</strong></span> <span class='ocrx_word' id='word_1_203' title='bbox 1764 1978 1903 2070; x_wconf 89' lang='lat' dir='ltr'><strong>capilli,</strong></span> <span class='ocrx_word' id='word_1_204' title='bbox 1937 1980 1999 2048; x_wconf 91' lang='lat' dir='ltr'><strong>sed</strong></span> <span class='ocrx_word' id='word_1_205' title='bbox 2024 1990 2080 2048; x_wconf 87' lang='lat' dir='ltr'><strong>to·</strong></span> 
     </span>
     <span class='ocr_line' id='line_1_18' title="bbox 63 2077 2080 2174; baseline 0 -25"><span class='ocrx_word' id='word_1_206' title='bbox 63 2081 146 2149; x_wconf 83' lang='lat' dir='ltr'><strong>ham</strong></span> <span class='ocrx_word' id='word_1_207' title='bbox 169 2078 334 2149; x_wconf 87' lang='lat' dir='ltr'><strong>attollens</strong></span> <span class='ocrx_word' id='word_1_208' title='bbox 358 2080 500 2163; x_wconf 89' lang='lat' dir='ltr'><strong>dextra,</strong></span> <span class='ocrx_word' id='word_1_209' title='bbox 533 2079 677 2149; x_wconf 83' lang='lat' dir='ltr'><strong>xenium</strong></span> <span class='ocrx_word' id='word_1_210' title='bbox 700 2079 848 2149; x_wconf 87' lang='lat' dir='ltr'><strong>obvium</strong></span> <span class='ocrx_word' id='word_1_211' title='bbox 870 2077 1047 2173; x_wconf 88' lang='lat' dir='ltr'><strong>quaesivit</strong></span> <span class='ocrx_word' id='word_1_212' title='bbox 1097 2092 1173 2151; x_wconf 87' lang='lat' dir='ltr'><strong>tum</strong></span> <span class='ocrx_word' id='word_1_213' title='bbox 1188 2082 1334 2151; x_wconf 90' lang='lat' dir='ltr'><strong>dorsum</strong></span> <span class='ocrx_word' id='word_1_214' title='bbox 1354 2081 1581 2174; x_wconf 79' lang='lat' dir='ltr'><strong>quassabant.</strong></span> <span class='ocrx_word' id='word_1_215' title='bbox 1632 2079 1846 2172; x_wconf 81' lang='lat' dir='ltr'><strong>Progressus</strong></span> <span class='ocrx_word' id='word_1_216' title='bbox 1868 2092 1987 2150; x_wconf 91' lang='lat' dir='ltr'><strong>antem</strong></span> <span class='ocrx_word' id='word_1_217' title='bbox 2011 2092 2080 2152; x_wconf 92' lang='lat' dir='ltr'><strong>ste·</strong></span> 
     </span>
     <span class='ocr_line' id='line_1_19' title="bbox 65 2168 2081 2276; baseline -0 -24"><span class='ocrx_word' id='word_1_218' title='bbox 65 2184 162 2252; x_wconf 85' lang='lat' dir='ltr'><strong>dare.</strong></span> <span class='ocrx_word' id='word_1_219' title='bbox 220 2178 293 2253; x_wconf 89' lang='lat' dir='ltr'><strong>Nec</strong></span> <span class='ocrx_word' id='word_1_220' title='bbox 315 2205 401 2251; x_wconf 90' lang='lat' dir='ltr'><strong>vero</strong></span> <span class='ocrx_word' id='word_1_221' title='bbox 422 2183 599 2259; x_wconf 84' lang='lat' dir='ltr'><strong>recusavit</strong></span> <span class='ocrx_word' id='word_1_222' title='bbox 618 2177 725 2256; x_wconf 89' lang='lat' dir='ltr'><strong>heros</strong></span> <span class='ocrx_word' id='word_1_223' title='bbox 745 2176 970 2275; x_wconf 85' lang='lat' dir='ltr'><strong>Euphemus,</strong></span> <span class='ocrx_word' id='word_1_224' title='bbox 1004 2203 1047 2249; x_wconf 85' lang='lat' dir='ltr'><strong>ex</strong></span> <span class='ocrx_word' id='word_1_225' title='bbox 1097 2183 1141 2253; x_wconf 89' lang='lat' dir='ltr'><strong>tit</strong></span> <span class='ocrx_word' id='word_1_226' title='bbox 1170 2182 1390 2276; x_wconf 90' lang='lat' dir='ltr'><strong>intrepidum</strong></span> <span class='ocrx_word' id='word_1_227' title='bbox 1422 2168 1581 2252; x_wconf 79' lang='lat' dir='ltr'><strong>animum</strong></span> <span class='ocrx_word' id='word_1_228' title='bbox 1611 2183 1795 2273; x_wconf 89' lang='lat' dir='ltr'><strong>experiens</strong></span> <span class='ocrx_word' id='word_1_229' title='bbox 1819 2182 1857 2251; x_wconf 93' lang='lat' dir='ltr'><strong>in</strong></span> <span class='ocrx_word' id='word_1_230' title='bbox 1877 2182 1977 2265; x_wconf 83' lang='lat' dir='ltr'><strong>loro,</strong></span> <span class='ocrx_word' id='word_1_231' title='bbox 2016 2181 2081 2253; x_wconf 88' lang='lat' dir='ltr'><strong>ubi</strong></span> 
     </span>
     <span class='ocr_line' id='line_1_20' title="bbox 64 2280 2080 2381; baseline 0 -28"><span class='ocrx_word' id='word_1_232' title='bbox 64 2308 172 2376; x_wconf 87' lang='lat' dir='ltr'><strong>prora</strong></span> <span class='ocrx_word' id='word_1_233' title='bbox 190 2280 228 2353; x_wconf 90' lang='lat' dir='ltr'><strong>in</strong></span> <span class='ocrx_word' id='word_1_234' title='bbox 245 2284 345 2356; x_wconf 88' lang='lat' dir='ltr'><strong>littus</strong></span> <span class='ocrx_word' id='word_1_235' title='bbox 359 2284 508 2369; x_wconf 89' lang='lat' dir='ltr'><strong>saliens,</strong></span> <span class='ocrx_word' id='word_1_236' title='bbox 542 2297 577 2354; x_wconf 91' lang='lat' dir='ltr'><strong>et</strong></span> <span class='ocrx_word' id='word_1_237' title='bbox 595 2309 707 2355; x_wconf 90' lang='lat' dir='ltr'><strong>manu</strong></span> <span class='ocrx_word' id='word_1_238' title='bbox 728 2307 877 2356; x_wconf 90' lang='lat' dir='ltr'><strong>manum</strong></span> <span class='ocrx_word' id='word_1_239' title='bbox 898 2284 1045 2353; x_wconf 83' lang='lat' dir='ltr'><strong>firmans</strong></span> <span class='ocrx_word' id='word_1_240' title='bbox 1097 2308 1226 2377; x_wconf 82' lang='lat' dir='ltr'><strong>magns</strong></span> <span class='ocrx_word' id='word_1_241' title='bbox 1242 2285 1436 2357; x_wconf 90' lang='lat' dir='ltr'><strong>multitudo</strong></span> <span class='ocrx_word' id='word_1_242' title='bbox 1457 2297 1551 2370; x_wconf 90' lang='lat' dir='ltr'><strong>erat,</strong></span> <span class='ocrx_word' id='word_1_243' title='bbox 1584 2283 1665 2378; x_wconf 81' lang='lat' dir='ltr'><strong>(Ep.</strong></span> <span class='ocrx_word' id='word_1_244' title='bbox 1682 2282 1736 2381; x_wconf 85' lang='lat'><strong>4.)</strong></span> <span class='ocrx_word' id='word_1_245' title='bbox 1763 2309 1870 2378; x_wconf 92' lang='lat' dir='ltr'><strong>quem</strong></span> <span class='ocrx_word' id='word_1_246' title='bbox 1891 2307 1972 2354; x_wconf 90' lang='lat' dir='ltr'><strong>cum</strong></span> <span class='ocrx_word' id='word_1_247' title='bbox 1996 2308 2080 2354; x_wconf 89' lang='lat' dir='ltr'><strong>nos·</strong></span> 
     </span>
     <span class='ocr_line' id='line_1_21' title="bbox 65 2383 2081 2479; baseline -0 -23"><span class='ocrx_word' id='word_1_248' title='bbox 65 2383 210 2479; x_wconf 89' lang='lat' dir='ltr'><strong>accepit.</strong></span> <span class='ocrx_word' id='word_1_249' title='bbox 1097 2399 1189 2469; x_wconf 91' lang='lat' dir='ltr'><strong>sent,</strong></span> <span class='ocrx_word' id='word_1_250' title='bbox 1208 2401 1244 2458; x_wconf 92' lang='lat' dir='ltr'><strong>et</strong></span> <span class='ocrx_word' id='word_1_251' title='bbox 1257 2401 1379 2457; x_wconf 86' lang='lat' dir='ltr'><strong>tamen</strong></span> <span class='ocrx_word' id='word_1_252' title='bbox 1392 2400 1659 2469; x_wconf 83' lang='lat' dir='ltr'><strong>revererentur,</strong></span> <span class='ocrx_word' id='word_1_253' title='bbox 1679 2388 1796 2479; x_wconf 89' lang='lat' dir='ltr'><strong>inquit</strong></span> <span class='ocrx_word' id='word_1_254' title='bbox 1811 2386 1958 2479; x_wconf 90' lang='lat' dir='ltr'><strong>aliquis:</strong></span> <span class='ocrx_word' id='word_1_255' title='bbox 1985 2385 2081 2458; x_wconf 87' lang='lat' dir='ltr'><strong>Num</strong></span> 
     </span>
     <span class='ocr_line' id='line_1_22' title="bbox 163 2484 2083 2580; baseline -0.001 -24"><span class='ocrx_word' id='word_1_256' title='bbox 163 2484 326 2576; x_wconf 81' lang='lat' dir='ltr'><strong>intelligo</strong></span> <span class='ocrx_word' id='word_1_257' title='bbox 359 2486 476 2555; x_wconf 85' lang='lat' dir='ltr'><strong>aute&#39;m</strong></span> <span class='ocrx_word' id='word_1_258' title='bbox 508 2509 586 2554; x_wconf 90' lang='lat' dir='ltr'><strong>cam</strong></span> <span class='ocrx_word' id='word_1_259' title='bbox 617 2487 655 2554; x_wconf 92' lang='lat' dir='ltr'><strong>in</strong></span> <span class='ocrx_word' id='word_1_260' title='bbox 688 2508 786 2553; x_wconf 91' lang='lat' dir='ltr'><strong>mare</strong></span> <span class='ocrx_word' id='word_1_261' title='bbox 816 2507 971 2554; x_wconf 91' lang='lat' dir='ltr'><strong>mersam</strong></span> <span class='ocrx_word' id='word_1_262' title='bbox 1004 2506 1047 2552; x_wconf 85' lang='lat' dir='ltr'><strong>ex</strong></span> <span class='ocrx_word' id='word_1_263' title='bbox 1098 2502 1151 2558; x_wconf 87' lang='lat' dir='ltr'><strong>est</strong></span> <span class='ocrx_word' id='word_1_264' title='bbox 1163 2484 1222 2557; x_wconf 91' lang='lat' dir='ltr'><strong>hic</strong></span> <span class='ocrx_word' id='word_1_265' title='bbox 1236 2487 1390 2580; x_wconf 78' lang='lat' dir='ltr'><strong>Apollo?</strong></span> <span class='ocrx_word' id='word_1_266' title='bbox 1442 2487 1525 2559; x_wconf 91' lang='lat' dir='ltr'><strong>Non</strong></span> <span class='ocrx_word' id='word_1_267' title='bbox 1539 2501 1591 2558; x_wconf 88' lang='lat' dir='ltr'><strong>est</strong></span> <span class='ocrx_word' id='word_1_268' title='bbox 1612 2491 1706 2558; x_wconf 92' lang='lat' dir='ltr'><strong>enim</strong></span> <span class='ocrx_word' id='word_1_269' title='bbox 1722 2489 1821 2559; x_wconf 90' lang='lat' dir='ltr'><strong>Mars</strong></span> <span class='ocrx_word' id='word_1_270' title='bbox 1834 2487 1985 2557; x_wconf 86' lang='lat' dir='ltr'><strong>Veneris</strong></span> <span class='ocrx_word' id='word_1_271' title='bbox 2006 2511 2083 2555; x_wconf 90' lang='lat' dir='ltr'><strong>ma·</strong></span> 
     </span>
     <span class='ocr_line' id='line_1_23' title="bbox 61 2585 2082 2683; baseline -0.001 -24"><span class='ocrx_word' id='word_1_272' title='bbox 61 2588 167 2670; x_wconf 88' lang='lat' dir='ltr'><strong>navi,</strong></span> <span class='ocrx_word' id='word_1_273' title='bbox 192 2602 227 2656; x_wconf 90' lang='lat' dir='ltr'><strong>et</strong></span> <span class='ocrx_word' id='word_1_274' title='bbox 246 2586 475 2669; x_wconf 85' lang='lat' dir='ltr'><strong>dissolutam,</strong></span> <span class='ocrx_word' id='word_1_275' title='bbox 509 2586 660 2683; x_wconf 65' lang='grc' dir='ltr'><strong>(ΒΜ.)</strong></span> <span class='ocrx_word' id='word_1_276' title='bbox 688 2611 762 2657; x_wconf 88' lang='lat' dir='ltr'><strong>esse</strong></span> <span class='ocrx_word' id='word_1_277' title='bbox 778 2598 933 2656; x_wconf 85' lang='lat' dir='ltr'><strong>secutam</strong></span> <span class='ocrx_word' id='word_1_278' title='bbox 950 2585 1048 2677; x_wconf 91' lang='lat' dir='ltr'><strong>pela·</strong></span> <span class='ocrx_word' id='word_1_279' title='bbox 1097 2591 1208 2673; x_wconf 90' lang='lat' dir='ltr'><strong>ritus,</strong></span> <span class='ocrx_word' id='word_1_280' title='bbox 1234 2585 1720 2683; x_wconf 87' lang='lat' dir='ltr'><strong>quicurruaeneovebitur:</strong></span> <span class='ocrx_word' id='word_1_281' title='bbox 1755 2605 1792 2661; x_wconf 93' lang='lat' dir='ltr'><strong>et</strong></span> <span class='ocrx_word' id='word_1_282' title='bbox 1806 2589 1844 2659; x_wconf 91' lang='lat' dir='ltr'><strong>in</strong></span> <span class='ocrx_word' id='word_1_283' title='bbox 1860 2589 1962 2661; x_wconf 85' lang='lat' dir='ltr'><strong>Naxo</strong></span> <span class='ocrx_word' id='word_1_284' title='bbox 1980 2589 2082 2658; x_wconf 91' lang='lat' dir='ltr'><strong>aiunt</strong></span> 
     </span>
     <span class='ocr_line' id='line_1_24' title="bbox 61 2687 2082 2785; baseline -0.002 -23"><span class='ocrx_word' id='word_1_285' title='bbox 61 2716 126 2785; x_wconf 81' lang='lat' dir='ltr'><strong>gns</strong></span> <span class='ocrx_word' id='word_1_286' title='bbox 142 2687 368 2780; x_wconf 83' lang='lat' dir='ltr'><strong>Hesperium.</strong></span> <span class='ocrx_word' id='word_1_287' title='bbox 418 2687 494 2782; x_wconf 87' lang='lat' dir='ltr'><strong>Ego</strong></span> <span class='ocrx_word' id='word_1_288' title='bbox 509 2713 596 2758; x_wconf 87' lang='lat' dir='ltr'><strong>vero</strong></span> <span class='ocrx_word' id='word_1_289' title='bbox 619 2711 871 2780; x_wconf 86' lang='lat' dir='ltr'><strong>praeceperam</strong></span> <span class='ocrx_word' id='word_1_290' title='bbox 892 2687 1047 2770; x_wconf 81' lang='lat' dir='ltr'><strong>famulis,</strong></span> <span class='ocrx_word' id='word_1_291' title='bbox 1098 2716 1173 2764; x_wconf 90' lang='lat' dir='ltr'><strong>esse</strong></span> <span class='ocrx_word' id='word_1_292' title='bbox 1198 2705 1361 2761; x_wconf 89' lang='lat' dir='ltr'><strong>mortuos</strong></span> <span class='ocrx_word' id='word_1_293' title='bbox 1377 2688 1488 2759; x_wconf 91' lang='lat' dir='ltr'><strong>Otum</strong></span> <span class='ocrx_word' id='word_1_294' title='bbox 1515 2704 1551 2760; x_wconf 88' lang='lat' dir='ltr'><strong>et</strong></span> <span class='ocrx_word' id='word_1_295' title='bbox 1565 2690 1776 2783; x_wconf 88' lang='lat' dir='ltr'><strong>Ephialten,</strong></span> <span class='ocrx_word' id='word_1_296' title='bbox 1808 2705 1844 2763; x_wconf 92' lang='lat' dir='ltr'><strong>et</strong></span> <span class='ocrx_word' id='word_1_297' title='bbox 1862 2690 2002 2761; x_wconf 86' lang='lat' dir='ltr'><strong>Dianae</strong></span> <span class='ocrx_word' id='word_1_298' title='bbox 2027 2714 2082 2759; x_wconf 91' lang='lat' dir='ltr'><strong>ce·</strong></span> 
     </span>
     <span class='ocr_line' id='line_1_25' title="bbox 61 2787 2082 2887; baseline -0.002 -22"><span class='ocrx_word' id='word_1_299' title='bbox 61 2805 197 2865; x_wconf 84' lang='lat' dir='ltr'><strong>utcam</strong></span> <span class='ocrx_word' id='word_1_300' title='bbox 213 2789 442 2860; x_wconf 87' lang='lat' dir='ltr'><strong>custodirent.</strong></span> <span class='ocrx_word' id='word_1_301' title='bbox 495 2789 564 2860; x_wconf 92' lang='lat' dir='ltr'><strong>Sed</strong></span> <span class='ocrx_word' id='word_1_302' title='bbox 581 2788 618 2859; x_wconf 91' lang='lat' dir='ltr'><strong>bi</strong></span> <span class='ocrx_word' id='word_1_303' title='bbox 635 2789 736 2859; x_wconf 88' lang='lat' dir='ltr'><strong>obliti</strong></span> <span class='ocrx_word' id='word_1_304' title='bbox 760 2801 860 2860; x_wconf 87' lang='lat' dir='ltr'><strong>sunt:</strong></span> <span class='ocrx_word' id='word_1_305' title='bbox 893 2801 927 2858; x_wconf 88' lang='lat' dir='ltr'><strong>ct</strong></span> <span class='ocrx_word' id='word_1_306' title='bbox 949 2812 1047 2858; x_wconf 89' lang='lat' dir='ltr'><strong>nunc</strong></span> <span class='ocrx_word' id='word_1_307' title='bbox 1097 2795 1164 2865; x_wconf 91' lang='lat' dir='ltr'><strong>leri</strong></span> <span class='ocrx_word' id='word_1_308' title='bbox 1178 2794 1306 2886; x_wconf 88' lang='lat' dir='ltr'><strong>sagitta</strong></span> <span class='ocrx_word' id='word_1_309' title='bbox 1325 2793 1529 2863; x_wconf 85' lang='lat' dir='ltr'><strong>interfectus</strong></span> <span class='ocrx_word' id='word_1_310' title='bbox 1550 2807 1603 2863; x_wconf 91' lang='lat' dir='ltr'><strong>est</strong></span> <span class='ocrx_word' id='word_1_311' title='bbox 1617 2794 1746 2887; x_wconf 90' lang='lat' dir='ltr'><strong>Tityus</strong></span> <span class='ocrx_word' id='word_1_312' title='bbox 1773 2818 1815 2864; x_wconf 86' lang='lat' dir='ltr'><strong>ex</strong></span> <span class='ocrx_word' id='word_1_313' title='bbox 1838 2794 1969 2864; x_wconf 85' lang='lat' dir='ltr'><strong>invicta</strong></span> <span class='ocrx_word' id='word_1_314' title='bbox 1991 2787 2082 2884; x_wconf 82' lang='lat' dir='ltr'><strong>pha·</strong></span> 
     </span>
     <span class='ocr_line' id='line_1_26' title="bbox 61 2890 2084 2989; baseline -0.003 -21"><span class='ocrx_word' id='word_1_315' title='bbox 61 2890 123 2964; x_wconf 80' lang='lat' dir='ltr'><strong>hle</strong></span> <span class='ocrx_word' id='word_1_316' title='bbox 144 2890 347 2962; x_wconf 73' lang='lat' dir='ltr'><strong>immortale</strong></span> <span class='ocrx_word' id='word_1_317' title='bbox 371 2915 492 2962; x_wconf 75' lang='lat' dir='ltr'><strong>semen</strong></span> <span class='ocrx_word' id='word_1_318' title='bbox 516 2891 652 2987; x_wconf 73' lang='lat' dir='ltr'><strong>Libyae</strong></span> <span class='ocrx_word' id='word_1_319' title='bbox 682 2891 833 2963; x_wconf 80' lang='lat' dir='ltr'><strong>effusum</strong></span> <span class='ocrx_word' id='word_1_320' title='bbox 859 2903 911 2961; x_wconf 71' lang='lat' dir='ltr'><strong>est</strong></span> <span class='ocrx_word' id='word_1_321' title='bbox 934 2891 971 2958; x_wconf 79' lang='lat' dir='ltr'><strong>ln</strong></span> <span class='ocrx_word' id='word_1_322' title='bbox 993 2891 1047 2958; x_wconf 76' lang='lat' dir='ltr'><strong>ln·</strong></span> <span class='ocrx_word' id='word_1_323' title='bbox 1097 2911 1215 2980; x_wconf 88' lang='lat' dir='ltr'><strong>retra,</strong></span> <span class='ocrx_word' id='word_1_324' title='bbox 1239 2894 1409 2966; x_wconf 89' lang='lat' dir='ltr'><strong>ntdiscat</strong></span> <span class='ocrx_word' id='word_1_325' title='bbox 1433 2895 1563 2989; x_wconf 90' lang='lat' dir='ltr'><strong>aliquis</strong></span> <span class='ocrx_word' id='word_1_326' title='bbox 1587 2910 1755 2988; x_wconf 87' lang='lat' dir='ltr'><strong>appetere</strong></span> <span class='ocrx_word' id='word_1_327' title='bbox 1778 2897 1980 2985; x_wconf 85' lang='lat' dir='ltr'><strong>voluptates</strong></span> <span class='ocrx_word' id='word_1_328' title='bbox 2001 2917 2084 2986; x_wconf 88' lang='lat' dir='ltr'><strong>pos-</strong></span> 
     </span>
     <span class='ocr_line' id='line_1_27' title="bbox 62 2990 2056 3095; baseline -0.009 -15"><span class='ocrx_word' id='word_1_329' title='bbox 62 2996 162 3079; x_wconf 64' lang='lat' dir='ltr'><strong>tula,</strong></span> <span class='ocrx_word' id='word_1_330' title='bbox 184 3006 266 3064; x_wconf 60' lang='lat'><strong>2⁰¹0</strong></span> <span class='ocrx_word' id='word_1_331' title='bbox 285 3004 437 3087; x_wconf 63' lang='lat' dir='ltr'><strong>lempna·</strong></span> <span class='ocrx_word' id='word_1_332' title='bbox 1097 3001 1227 3072; x_wconf 88' lang='lat' dir='ltr'><strong>sibiles.</strong></span> <span class='ocrx_word' id='word_1_333' title='bbox 1278 2995 1370 3095; x_wconf 82' lang='lat' dir='ltr'><strong>(Str.</strong></span> <span class='ocrx_word' id='word_1_334' title='bbox 1385 2990 1439 3093; x_wconf 76' lang='grc'><strong>5.)</strong></span> <span class='ocrx_word' id='word_1_335' title='bbox 1466 2998 1524 3068; x_wconf 87' lang='lat' dir='ltr'><strong>Sic</strong></span> <span class='ocrx_word' id='word_1_336' title='bbox 1540 2998 1592 3066; x_wconf 92' lang='lat' dir='ltr'><strong>illi</strong></span> <span class='ocrx_word' id='word_1_337' title='bbox 1606 2999 1701 3068; x_wconf 90' lang='lat' dir='ltr'><strong>inter</strong></span> <span class='ocrx_word' id='word_1_338' title='bbox 1716 3020 1791 3069; x_wconf 89' lang='lat' dir='ltr'><strong>sese</strong></span> <span class='ocrx_word' id='word_1_339' title='bbox 1805 2996 2056 3090; x_wconf 86' lang='lat' dir='ltr'><strong>loquebantur.</strong></span> 
     </span>
     <span class='ocr_line' id='line_1_28' title="bbox 165 3093 2084 3191; baseline -0.002 -24"><span class='ocrx_word' id='word_1_340' title='bbox 165 3097 202 3167; x_wconf 86' lang='lat' dir='ltr'><strong>Si</strong></span> <span class='ocrx_word' id='word_1_341' title='bbox 217 3097 312 3167; x_wconf 89' lang='lat' dir='ltr'><strong>enim</strong></span> <span class='ocrx_word' id='word_1_342' title='bbox 330 3098 431 3167; x_wconf 91' lang='lat' dir='ltr'><strong>domi</strong></span> <span class='ocrx_word' id='word_1_343' title='bbox 453 3097 589 3170; x_wconf 86' lang='lat' dir='ltr'><strong>iecisset</strong></span> <span class='ocrx_word' id='word_1_344' title='bbox 608 3099 746 3190; x_wconf 87' lang='lat' dir='ltr'><strong>glebam</strong></span> <span class='ocrx_word' id='word_1_345' title='bbox 769 3097 808 3166; x_wconf 88' lang='lat' dir='ltr'><strong>iu</strong></span> <span class='ocrx_word' id='word_1_346' title='bbox 831 3118 930 3164; x_wconf 82' lang='lat' dir='ltr'><strong>mare</strong></span> <span class='ocrx_word' id='word_1_347' title='bbox 949 3093 1044 3164; x_wconf 77' lang='lat' dir='ltr'><strong>iuxta</strong></span> <span class='ocrx_word' id='word_1_348' title='bbox 1197 3100 1395 3171; x_wconf 81' lang='lat' dir='ltr'><strong>Intervenit</strong></span> <span class='ocrx_word' id='word_1_349' title='bbox 1410 3112 1529 3168; x_wconf 90' lang='lat' dir='ltr'><strong>autem</strong></span> <span class='ocrx_word' id='word_1_350' title='bbox 1544 3099 1661 3171; x_wconf 87' lang='lat' dir='ltr'><strong>Pelias</strong></span> <span class='ocrx_word' id='word_1_351' title='bbox 1675 3100 1713 3169; x_wconf 90' lang='lat' dir='ltr'><strong>in</strong></span> <span class='ocrx_word' id='word_1_352' title='bbox 1728 3120 1854 3180; x_wconf 89' lang='lat' dir='ltr'><strong>curru,</strong></span> <span class='ocrx_word' id='word_1_353' title='bbox 1882 3120 1988 3191; x_wconf 90' lang='lat' dir='ltr'><strong>quem</strong></span> <span class='ocrx_word' id='word_1_354' title='bbox 2004 3118 2084 3164; x_wconf 92' lang='lat' dir='ltr'><strong>mn-</strong></span> 
     </span>
     <span class='ocr_line' id='line_1_29' title="bbox 62 3193 2082 3295; baseline -0.009 -12"><span class='ocrx_word' id='word_1_355' title='bbox 62 3203 290 3283; x_wconf 69' lang='lat' dir='ltr'><strong>Taenarum,</strong></span> <span class='ocrx_word' id='word_1_356' title='bbox 325 3202 388 3270; x_wconf 83' lang='lat' dir='ltr'><strong>ubi</strong></span> <span class='ocrx_word' id='word_1_357' title='bbox 411 3214 462 3270; x_wconf 79' lang='lat' dir='ltr'><strong>est</strong></span> <span class='ocrx_word' id='word_1_358' title='bbox 485 3202 631 3270; x_wconf 78' lang='lat' dir='ltr'><strong>Tartari</strong></span> <span class='ocrx_word' id='word_1_359' title='bbox 654 3202 805 3283; x_wconf 78' lang='lat' dir='ltr'><strong>ostium,</strong></span> <span class='ocrx_word' id='word_1_360' title='bbox 839 3193 1046 3289; x_wconf 82' lang='lat' dir='ltr'><strong>Euphemus</strong></span> <span class='ocrx_word' id='word_1_361' title='bbox 1096 3201 1362 3282; x_wconf 71' lang='lat' dir='ltr'><strong>laevehebanu</strong></span> <span class='ocrx_word' id='word_1_362' title='bbox 1395 3214 1430 3271; x_wconf 83' lang='lat' dir='ltr'><strong>et</strong></span> <span class='ocrx_word' id='word_1_363' title='bbox 1448 3225 1534 3271; x_wconf 79' lang='lat' dir='ltr'><strong>mox</strong></span> <span class='ocrx_word' id='word_1_364' title='bbox 1559 3203 1762 3295; x_wconf 74' lang='lat' dir='ltr'><strong>obstupuit,</strong></span> <span class='ocrx_word' id='word_1_365' title='bbox 1795 3199 1920 3269; x_wconf 78' lang='lat' dir='ltr'><strong>videns</strong></span> <span class='ocrx_word' id='word_1_366' title='bbox 1942 3208 2082 3267; x_wconf 77' lang='lat' dir='ltr'><strong>nutum</strong></span> 
     </span>
     <span class='ocr_line' id='line_1_30' title="bbox 63 3300 2082 3399; baseline -0.01 -13"><span class='ocrx_word' id='word_1_367' title='bbox 63 3301 347 3397; x_wconf 81' lang='lat' dir='ltr'><strong>lilinsNeptuui,</strong></span> <span class='ocrx_word' id='word_1_368' title='bbox 371 3327 478 3397; x_wconf 65' lang='lat' dir='ltr'><strong>quem</strong></span> <span class='ocrx_word' id='word_1_369' title='bbox 492 3302 638 3395; x_wconf 68' lang='lat' dir='ltr'><strong>Eumpa</strong></span> <span class='ocrx_word' id='word_1_370' title='bbox 652 3303 741 3373; x_wconf 77' lang='grc' dir='ltr'><strong>Τὶῐὶἱ</strong></span> <span class='ocrx_word' id='word_1_371' title='bbox 755 3302 827 3371; x_wconf 69' lang='lat' dir='ltr'><strong>filia</strong></span> <span class='ocrx_word' id='word_1_372' title='bbox 843 3300 983 3393; x_wconf 64' lang='lat' dir='ltr'><strong>peperit</strong></span> <span class='ocrx_word' id='word_1_373' title='bbox 1000 3300 1046 3368; x_wconf 70' lang='lat' dir='ltr'><strong>td</strong></span> <span class='ocrx_word' id='word_1_374' title='bbox 1098 3311 1223 3379; x_wconf 89' lang='lat' dir='ltr'><strong>dextro</strong></span> <span class='ocrx_word' id='word_1_375' title='bbox 1255 3309 1346 3399; x_wconf 88' lang='lat' dir='ltr'><strong>pede</strong></span> <span class='ocrx_word' id='word_1_376' title='bbox 1369 3305 1564 3375; x_wconf 88' lang='lat' dir='ltr'><strong>calceatum</strong></span> <span class='ocrx_word' id='word_1_377' title='bbox 1589 3328 1677 3376; x_wconf 90' lang='lat' dir='ltr'><strong>esse.</strong></span> <span class='ocrx_word' id='word_1_378' title='bbox 1744 3302 1937 3373; x_wconf 90' lang='lat' dir='ltr'><strong>Occultans</strong></span> <span class='ocrx_word' id='word_1_379' title='bbox 1963 3311 2082 3368; x_wconf 84' lang='lat' dir='ltr'><strong>autem</strong></span> 
     </span>
     <span class='ocr_line' id='line_1_31' title="bbox 64 3397 2084 3505; baseline -0.003 -29"><span class='ocrx_word' id='word_1_380' title='bbox 64 3403 276 3501; x_wconf 78' lang='lat' dir='ltr'><strong>cephisum,</strong></span> <span class='ocrx_word' id='word_1_381' title='bbox 301 3405 394 3500; x_wconf 84' lang='lat' dir='ltr'><strong>(Str.</strong></span> <span class='ocrx_word' id='word_1_382' title='bbox 408 3406 462 3502; x_wconf 78' lang='grc'><strong>8.)</strong></span> <span class='ocrx_word' id='word_1_383' title='bbox 489 3419 637 3501; x_wconf 85' lang='lat' dir='ltr'><strong>quartae</strong></span> <span class='ocrx_word' id='word_1_384' title='bbox 654 3406 787 3477; x_wconf 90' lang='lat' dir='ltr'><strong>sobolis</strong></span> <span class='ocrx_word' id='word_1_385' title='bbox 809 3404 971 3495; x_wconf 88' lang='lat' dir='ltr'><strong>sanguis,</strong></span> <span class='ocrx_word' id='word_1_386' title='bbox 1005 3402 1047 3471; x_wconf 91' lang='lat' dir='ltr'><strong>il·</strong></span> <span class='ocrx_word' id='word_1_387' title='bbox 1097 3432 1289 3505; x_wconf 77' lang='lat' dir='ltr'><strong>pavorem,</strong></span> <span class='ocrx_word' id='word_1_388' title='bbox 1316 3408 1448 3479; x_wconf 84' lang='lat' dir='ltr'><strong>affatur</strong></span> <span class='ocrx_word' id='word_1_389' title='bbox 1462 3403 1656 3499; x_wconf 87' lang='lat' dir='ltr'><strong>hospitem:</strong></span> <span class='ocrx_word' id='word_1_390' title='bbox 1684 3405 1803 3498; x_wconf 87' lang='lat' dir='ltr'><strong>Quam</strong></span> <span class='ocrx_word' id='word_1_391' title='bbox 1818 3403 1918 3488; x_wconf 89' lang='lat' dir='ltr'><strong>dicis,</strong></span> <span class='ocrx_word' id='word_1_392' title='bbox 1942 3397 2084 3493; x_wconf 87' lang='lat' dir='ltr'><strong>hospes,</strong></span> 
     </span>
     <span class='ocr_line' id='line_1_32' title="bbox 63 3500 2083 3604; baseline -0.006 -24"><span class='ocrx_word' id='word_1_393' title='bbox 63 3510 135 3583; x_wconf 84' lang='lat' dir='ltr'><strong>lam</strong></span> <span class='ocrx_word' id='word_1_394' title='bbox 156 3521 288 3579; x_wconf 87' lang='lat' dir='ltr'><strong>terram</strong></span> <span class='ocrx_word' id='word_1_395' title='bbox 311 3532 391 3580; x_wconf 88' lang='lat' dir='ltr'><strong>curn</strong></span> <span class='ocrx_word' id='word_1_396' title='bbox 405 3507 542 3580; x_wconf 88' lang='lat' dir='ltr'><strong>Danais</strong></span> <span class='ocrx_word' id='word_1_397' title='bbox 563 3510 764 3601; x_wconf 86' lang='lat' dir='ltr'><strong>accepisset.</strong></span> <span class='ocrx_word' id='word_1_398' title='bbox 822 3508 926 3577; x_wconf 90' lang='lat' dir='ltr'><strong>Tunc</strong></span> <span class='ocrx_word' id='word_1_399' title='bbox 950 3506 1046 3575; x_wconf 90' lang='lat' dir='ltr'><strong>euim</strong></span> <span class='ocrx_word' id='word_1_400' title='bbox 1098 3528 1197 3584; x_wconf 73' lang='lat' dir='ltr'><strong>tumn</strong></span> <span class='ocrx_word' id='word_1_401' title='bbox 1225 3512 1384 3604; x_wconf 85' lang='lat' dir='ltr'><strong>patriam</strong></span> <span class='ocrx_word' id='word_1_402' title='bbox 1411 3535 1504 3595; x_wconf 87' lang='lat' dir='ltr'><strong>esse,</strong></span> <span class='ocrx_word' id='word_1_403' title='bbox 1545 3522 1579 3579; x_wconf 90' lang='lat' dir='ltr'><strong>ct</strong></span> <span class='ocrx_word' id='word_1_404' title='bbox 1610 3531 1701 3604; x_wconf 90' lang='lat' dir='ltr'><strong>quae</strong></span> <span class='ocrx_word' id='word_1_405' title='bbox 1726 3519 1762 3576; x_wconf 90' lang='lat' dir='ltr'><strong>te</strong></span> <span class='ocrx_word' id='word_1_406' title='bbox 1785 3518 1901 3574; x_wconf 89' lang='lat' dir='ltr'><strong>mater</strong></span> <span class='ocrx_word' id='word_1_407' title='bbox 1921 3500 2083 3594; x_wconf 80' lang='lat' dir='ltr'><strong>peperit?</strong></span> 
     </span>
     <span class='ocr_line' id='line_1_33' title="bbox 63 3608 1863 3706; baseline -0.006 -21"><span class='ocrx_word' id='word_1_408' title='bbox 63 3636 110 3685; x_wconf 84' lang='lat' dir='ltr'><strong>ex</strong></span> <span class='ocrx_word' id='word_1_409' title='bbox 125 3610 393 3685; x_wconf 77' lang='lat' dir='ltr'><strong>Lacedaemone</strong></span> <span class='ocrx_word' id='word_1_410' title='bbox 407 3611 513 3703; x_wconf 82' lang='lat' dir='ltr'><strong>Argis</strong></span> <span class='ocrx_word' id='word_1_411' title='bbox 531 3625 567 3681; x_wconf 94' lang='lat' dir='ltr'><strong>et</strong></span> <span class='ocrx_word' id='word_1_412' title='bbox 583 3611 744 3704; x_wconf 89' lang='lat' dir='ltr'><strong>Mycenis</strong></span> <span class='ocrx_word' id='word_1_413' title='bbox 767 3610 896 3702; x_wconf 88' lang='lat' dir='ltr'><strong>egressi</strong></span> <span class='ocrx_word' id='word_1_414' title='bbox 919 3620 1046 3679; x_wconf 82' lang='lat' dir='ltr'><strong>essent.</strong></span> <span class='ocrx_word' id='word_1_415' title='bbox 1097 3617 1180 3688; x_wconf 82' lang='lat' dir='ltr'><strong>Non</strong></span> <span class='ocrx_word' id='word_1_416' title='bbox 1194 3615 1358 3706; x_wconf 89' lang='lat' dir='ltr'><strong>polluens</strong></span> <span class='ocrx_word' id='word_1_417' title='bbox 1376 3625 1410 3682; x_wconf 92' lang='lat' dir='ltr'><strong>te</strong></span> <span class='ocrx_word' id='word_1_418' title='bbox 1426 3612 1640 3694; x_wconf 85' lang='lat' dir='ltr'><strong>mendaciis,</strong></span> <span class='ocrx_word' id='word_1_419' title='bbox 1666 3608 1725 3679; x_wconf 91' lang='lat' dir='ltr'><strong>dic</strong></span> <span class='ocrx_word' id='word_1_420' title='bbox 1741 3631 1863 3698; x_wconf 87' lang='lat' dir='ltr'><strong>genus.</strong></span> 
     </span>
     <span class='ocr_line' id='line_1_34' title="bbox 60 3700 2082 3809; baseline -0.009 -20"><span class='ocrx_word' id='word_1_421' title='bbox 60 3715 169 3789; x_wconf 82' lang='lat' dir='ltr'><strong>Nunc</strong></span> <span class='ocrx_word' id='word_1_422' title='bbox 184 3740 269 3785; x_wconf 91' lang='lat' dir='ltr'><strong>vero</strong></span> <span class='ocrx_word' id='word_1_423' title='bbox 284 3713 442 3784; x_wconf 84' lang='lat' dir='ltr'><strong>inveniet</strong></span> <span class='ocrx_word' id='word_1_424' title='bbox 465 3716 612 3785; x_wconf 89' lang='lat' dir='ltr'><strong>selectos</strong></span> <span class='ocrx_word' id='word_1_425' title='bbox 636 3727 798 3806; x_wconf 89' lang='lat' dir='ltr'><strong>posteros</strong></span> <span class='ocrx_word' id='word_1_426' title='bbox 814 3710 1046 3779; x_wconf 86' lang='lat' dir='ltr'><strong>Lemniarum</strong></span> <span class='ocrx_word' id='word_1_427' title='bbox 1200 3716 1301 3807; x_wconf 72' lang='lat' dir='ltr'><strong>(Ant.</strong></span> <span class='ocrx_word' id='word_1_428' title='bbox 1323 3710 1376 3809; x_wconf 74' lang='grc' dir='ltr'><strong>ὅ.)</strong></span> <span class='ocrx_word' id='word_1_429' title='bbox 1416 3712 1510 3782; x_wconf 85' lang='lat' dir='ltr'><strong>Huic</strong></span> <span class='ocrx_word' id='word_1_430' title='bbox 1538 3711 1724 3801; x_wconf 81' lang='lat' dir='ltr'><strong>respondit</strong></span> <span class='ocrx_word' id='word_1_431' title='bbox 1752 3706 1857 3778; x_wconf 78' lang='lat' dir='ltr'><strong>lason</strong></span> <span class='ocrx_word' id='word_1_432' title='bbox 1888 3700 2082 3775; x_wconf 84' lang='lat' dir='ltr'><strong>confidenti</strong></span> 
     </span>
     <span class='ocr_line' id='line_1_35' title="bbox 60 3803 2084 3909; baseline -0.009 -20"><span class='ocrx_word' id='word_1_433' title='bbox 60 3816 256 3891; x_wconf 78' lang='lat' dir='ltr'><strong>mulierum</strong></span> <span class='ocrx_word' id='word_1_434' title='bbox 284 3816 323 3884; x_wconf 93' lang='lat' dir='ltr'><strong>in</strong></span> <span class='ocrx_word' id='word_1_435' title='bbox 353 3815 472 3899; x_wconf 88' lang='lat' dir='ltr'><strong>lectis,</strong></span> <span class='ocrx_word' id='word_1_436' title='bbox 513 3816 577 3909; x_wconf 87' lang='lat' dir='ltr'><strong>qui</strong></span> <span class='ocrx_word' id='word_1_437' title='bbox 606 3816 777 3887; x_wconf 84' lang='lat' dir='ltr'><strong>divinitus</strong></span> <span class='ocrx_word' id='word_1_438' title='bbox 802 3810 984 3881; x_wconf 85' lang='lat' dir='ltr'><strong>venientes</strong></span> <span class='ocrx_word' id='word_1_439' title='bbox 1008 3809 1048 3875; x_wconf 92' lang='lat' dir='ltr'><strong>in</strong></span> <span class='ocrx_word' id='word_1_440' title='bbox 1099 3816 1240 3886; x_wconf 84' lang='lat' dir='ltr'><strong>animo:</strong></span> <span class='ocrx_word' id='word_1_441' title='bbox 1265 3814 1334 3882; x_wconf 81' lang='lat' dir='ltr'><strong>Aio</strong></span> <span class='ocrx_word' id='word_1_442' title='bbox 1348 3836 1407 3881; x_wconf 88' lang='lat' dir='ltr'><strong>me</strong></span> <span class='ocrx_word' id='word_1_443' title='bbox 1422 3812 1624 3883; x_wconf 89' lang='lat' dir='ltr'><strong>doctrinam</strong></span> <span class='ocrx_word' id='word_1_444' title='bbox 1641 3806 1810 3879; x_wconf 87' lang='lat' dir='ltr'><strong>Chironis</strong></span> <span class='ocrx_word' id='word_1_445' title='bbox 1824 3807 1964 3876; x_wconf 77' lang='lat' dir='ltr'><strong>afferre.</strong></span> <span class='ocrx_word' id='word_1_446' title='bbox 2011 3803 2084 3871; x_wconf 86' lang='lat' dir='ltr'><strong>Re·</strong></span> 
     </span>
     <span class='ocr_line' id='line_1_36' title="bbox 60 3907 2083 4009; baseline -0.015 -6"><span class='ocrx_word' id='word_1_447' title='bbox 60 3914 247 4000; x_wconf 68' lang='lat' dir='ltr'><strong>Tltfflms</strong></span> <span class='ocrx_word' id='word_1_448' title='bbox 269 3916 416 4007; x_wconf 68' lang='lat' dir='ltr'><strong>Slssssffll</strong></span> <span class='ocrx_word' id='word_1_449' title='bbox 426 3916 595 3999; x_wconf 59' lang='lat' dir='ltr'><strong>nmium,</strong></span> <span class='ocrx_word' id='word_1_450' title='bbox 618 3917 681 4009; x_wconf 75' lang='grc' dir='ltr'><strong>(1ΰὶ</strong></span> <span class='ocrx_word' id='word_1_451' title='bbox 702 3917 771 3987; x_wconf 67' lang='lat' dir='ltr'><strong>erit</strong></span> <span class='ocrx_word' id='word_1_452' title='bbox 794 3912 963 3984; x_wconf 75' lang='lat' dir='ltr'><strong>d⁰¹¹¹lm¹⁸</strong></span> <span class='ocrx_word' id='word_1_453' title='bbox 980 3907 1049 4002; x_wconf 82' lang='lat' dir='ltr'><strong>Cy·</strong></span> <span class='ocrx_word' id='word_1_454' title='bbox 1098 3921 1166 3989; x_wconf 90' lang='lat' dir='ltr'><strong>deo</strong></span> <span class='ocrx_word' id='word_1_455' title='bbox 1183 3940 1226 3986; x_wconf 85' lang='lat' dir='ltr'><strong>ex</strong></span> <span class='ocrx_word' id='word_1_456' title='bbox 1239 3928 1344 3986; x_wconf 90' lang='lat' dir='ltr'><strong>antro</strong></span> <span class='ocrx_word' id='word_1_457' title='bbox 1358 3938 1378 3983; x_wconf 89' lang='lat' dir='ltr'><strong>a</strong></span> <span class='ocrx_word' id='word_1_458' title='bbox 1394 3910 1557 3985; x_wconf 89' lang='lat' dir='ltr'><strong>Charicle</strong></span> <span class='ocrx_word' id='word_1_459' title='bbox 1570 3925 1607 3981; x_wconf 93' lang='lat' dir='ltr'><strong>et</strong></span> <span class='ocrx_word' id='word_1_460' title='bbox 1620 3907 1789 4004; x_wconf 87' lang='lat' dir='ltr'><strong>Philyra,</strong></span> <span class='ocrx_word' id='word_1_461' title='bbox 1813 3909 1876 3979; x_wconf 91' lang='lat' dir='ltr'><strong>nbi</strong></span> <span class='ocrx_word' id='word_1_462' title='bbox 1892 3930 1951 3976; x_wconf 88' lang='lat' dir='ltr'><strong>me</strong></span> <span class='ocrx_word' id='word_1_463' title='bbox 1965 3916 2083 3975; x_wconf 74' lang='lat' dir='ltr'><strong>matre</strong></span> 
     </span>
     <span class='ocr_line' id='line_1_37' title="bbox 61 4006 2083 4113; baseline -0.011 -16"><span class='ocrx_word' id='word_1_464' title='bbox 61 4045 188 4095; x_wconf 74' lang='lat' dir='ltr'><strong>mes:</strong></span> <span class='ocrx_word' id='word_1_465' title='bbox 213 4043 319 4113; x_wconf 79' lang='lat' dir='ltr'><strong>quem</strong></span> <span class='ocrx_word' id='word_1_466' title='bbox 335 4012 503 4088; x_wconf 67' lang='lat' dir='ltr'><strong>Phoebm</strong></span> <span class='ocrx_word' id='word_1_467' title='bbox 519 4017 680 4086; x_wconf 74' lang='lat' dir='ltr'><strong>¹⁰⁰¹¹ebil</strong></span> <span class='ocrx_word' id='word_1_468' title='bbox 698 4019 737 4086; x_wconf 79' lang='lat' dir='ltr'><strong>in</strong></span> <span class='ocrx_word' id='word_1_469' title='bbox 760 4015 932 4097; x_wconf 63' lang='lat' dir='ltr'><strong>oraculis,</strong></span> <span class='ocrx_word' id='word_1_470' title='bbox 966 4036 1047 4082; x_wconf 68' lang='lat'>⁰⁰¹¹!</span> <span class='ocrx_word' id='word_1_471' title='bbox 1100 4019 1271 4094; x_wconf 88' lang='lat' dir='ltr'><strong>Centauri</strong></span> <span class='ocrx_word' id='word_1_472' title='bbox 1292 4017 1385 4087; x_wconf 86' lang='lat' dir='ltr'><strong>tiliae</strong></span> <span class='ocrx_word' id='word_1_473' title='bbox 1407 4019 1606 4087; x_wconf 87' lang='lat' dir='ltr'><strong>educarunt</strong></span> <span class='ocrx_word' id='word_1_474' title='bbox 1628 4009 1910 4103; x_wconf 85' lang='lat' dir='ltr'><strong>annosviginti:</strong></span> <span class='ocrx_word' id='word_1_475' title='bbox 1944 4029 2010 4076; x_wconf 88' lang='lat' dir='ltr'><strong>nec</strong></span> <span class='ocrx_word' id='word_1_476' title='bbox 2031 4006 2083 4075; x_wconf 81' lang='lat' dir='ltr'><strong>fa·</strong></span> 
     </span>
     <span class='ocr_line' id='line_1_38' title="bbox 61 4115 1904 4214; baseline -0.008 -17"><span class='ocrx_word' id='word_1_477' title='bbox 61 4124 185 4197; x_wconf 78' lang='lat' dir='ltr'><strong>reniet</strong></span> <span class='ocrx_word' id='word_1_478' title='bbox 201 4121 240 4190; x_wconf 91' lang='lat' dir='ltr'><strong>in</strong></span> <span class='ocrx_word' id='word_1_479' title='bbox 254 4115 425 4214; x_wconf 90' lang='lat' dir='ltr'><strong>Pythium</strong></span> <span class='ocrx_word' id='word_1_480' title='bbox 442 4119 635 4210; x_wconf 91' lang='lat' dir='ltr'><strong>templum,</strong></span> <span class='ocrx_word' id='word_1_481' title='bbox 665 4117 765 4212; x_wconf 73' lang='lat' dir='ltr'><strong>(Ast.</strong></span> <span class='ocrx_word' id='word_1_482' title='bbox 782 4117 836 4213; x_wconf 77' lang='grc'><strong>8.)</strong></span> <span class='ocrx_word' id='word_1_483' title='bbox 863 4128 904 4185; x_wconf 90' lang='lat' dir='ltr'><strong>ut</strong></span> <span class='ocrx_word' id='word_1_484' title='bbox 924 4127 1048 4207; x_wconf 88' lang='lat' dir='ltr'><strong>postea</strong></span> <span class='ocrx_word' id='word_1_485' title='bbox 1100 4138 1195 4198; x_wconf 89' lang='lat' dir='ltr'><strong>ctnm</strong></span> <span class='ocrx_word' id='word_1_486' title='bbox 1213 4122 1282 4205; x_wconf 88' lang='lat' dir='ltr'><strong>ibi,</strong></span> <span class='ocrx_word' id='word_1_487' title='bbox 1308 4143 1373 4189; x_wconf 90' lang='lat' dir='ltr'><strong>nec</strong></span> <span class='ocrx_word' id='word_1_488' title='bbox 1386 4131 1492 4211; x_wconf 91' lang='lat' dir='ltr'><strong>turpe</strong></span> <span class='ocrx_word' id='word_1_489' title='bbox 1508 4118 1643 4189; x_wconf 89' lang='lat' dir='ltr'><strong>dictum</strong></span> <span class='ocrx_word' id='word_1_490' title='bbox 1659 4115 1798 4186; x_wconf 89' lang='lat' dir='ltr'><strong>locutus</strong></span> <span class='ocrx_word' id='word_1_491' title='bbox 1812 4136 1904 4184; x_wconf 89' lang='lat' dir='ltr'><strong>sum.</strong></span> 
     </span>
     <span class='ocr_line' id='line_1_39' title="bbox 63 4206 2083 4324; baseline -0.009 -28"><span class='ocrx_word' id='word_1_492' title='bbox 63 4228 198 4301; x_wconf 79' lang='lat' dir='ltr'><strong>nultos</strong></span> <span class='ocrx_word' id='word_1_493' title='bbox 221 4224 261 4294; x_wconf 92' lang='lat' dir='ltr'><strong>in</strong></span> <span class='ocrx_word' id='word_1_494' title='bbox 283 4221 436 4294; x_wconf 90' lang='lat' dir='ltr'><strong>navibus</strong></span> <span class='ocrx_word' id='word_1_495' title='bbox 456 4224 563 4294; x_wconf 90' lang='lat' dir='ltr'><strong>ducat</strong></span> <span class='ocrx_word' id='word_1_496' title='bbox 583 4224 627 4292; x_wconf 87' lang='lat' dir='ltr'><strong>ad</strong></span> <span class='ocrx_word' id='word_1_497' title='bbox 644 4219 718 4292; x_wconf 88' lang='lat' dir='ltr'><strong>Nili</strong></span> <span class='ocrx_word' id='word_1_498' title='bbox 741 4220 926 4313; x_wconf 89' lang='lat' dir='ltr'><strong>templum.</strong></span> <span class='ocrx_word' id='word_1_499' title='bbox 981 4217 1048 4286; x_wconf 85' lang='lat' dir='ltr'><strong>llic</strong></span> <span class='ocrx_word' id='word_1_500' title='bbox 1201 4224 1293 4295; x_wconf 82' lang='lat' dir='ltr'><strong>Veni</strong></span> <span class='ocrx_word' id='word_1_501' title='bbox 1315 4246 1465 4315; x_wconf 81' lang='lat' dir='ltr'><strong>regnum</strong></span> <span class='ocrx_word' id='word_1_502' title='bbox 1484 4221 1557 4290; x_wconf 90' lang='lat' dir='ltr'><strong>mei</strong></span> <span class='ocrx_word' id='word_1_503' title='bbox 1578 4220 1691 4312; x_wconf 90' lang='lat' dir='ltr'><strong>patris</strong></span> <span class='ocrx_word' id='word_1_504' title='bbox 1716 4229 1943 4308; x_wconf 88' lang='lat' dir='ltr'><strong>recepturus,</strong></span> <span class='ocrx_word' id='word_1_505' title='bbox 1984 4206 2083 4324; x_wconf 77' lang='lat' dir='ltr'><strong>qnod</strong></span> 
     </span>
     <span class='ocr_line' id='line_1_40' title="bbox 63 4312 2085 4428; baseline -0.008 -27"><span class='ocrx_word' id='word_1_506' title='bbox 63 4329 134 4401; x_wconf 77' lang='lat' dir='ltr'><strong>tuta</strong></span> <span class='ocrx_word' id='word_1_507' title='bbox 148 4352 267 4401; x_wconf 84' lang='lat' dir='ltr'><strong>sermo</strong></span> <span class='ocrx_word' id='word_1_508' title='bbox 281 4326 444 4398; x_wconf 90' lang='lat' dir='ltr'><strong>Medeae.</strong></span> <span class='ocrx_word' id='word_1_509' title='bbox 1099 4353 1176 4401; x_wconf 90' lang='lat' dir='ltr'><strong>non</strong></span> <span class='ocrx_word' id='word_1_510' title='bbox 1201 4329 1293 4400; x_wconf 90' lang='lat' dir='ltr'><strong>iuste</strong></span> <span class='ocrx_word' id='word_1_511' title='bbox 1322 4324 1545 4419; x_wconf 89' lang='lat' dir='ltr'><strong>possidetur,</strong></span> <span class='ocrx_word' id='word_1_512' title='bbox 1578 4325 1676 4416; x_wconf 91' lang='lat' dir='ltr'><strong>quod</strong></span> <span class='ocrx_word' id='word_1_513' title='bbox 1705 4317 1840 4412; x_wconf 90' lang='lat' dir='ltr'><strong>lupiter</strong></span> <span class='ocrx_word' id='word_1_514' title='bbox 1873 4312 1973 4386; x_wconf 85' lang='lat' dir='ltr'><strong>dedit</strong></span> <span class='ocrx_word' id='word_1_515' title='bbox 2000 4313 2085 4428; x_wconf 73' lang='lat' dir='ltr'><strong>duct</strong></span> 
     </span>
     <span class='ocr_line' id='line_1_41' title="bbox 165 4412 2083 4527; baseline -0.011 -25"><span class='ocrx_word' id='word_1_516' title='bbox 165 4431 363 4524; x_wconf 84' lang='lat' dir='ltr'><strong>Stupelacti</strong></span> <span class='ocrx_word' id='word_1_517' title='bbox 399 4442 517 4500; x_wconf 89' lang='lat' dir='ltr'><strong>antem</strong></span> <span class='ocrx_word' id='word_1_518' title='bbox 553 4442 637 4501; x_wconf 90' lang='lat' dir='ltr'><strong>sunt</strong></span> <span class='ocrx_word' id='word_1_519' title='bbox 664 4427 820 4510; x_wconf 88' lang='lat' dir='ltr'><strong>llerocs,</strong></span> <span class='ocrx_word' id='word_1_520' title='bbox 866 4424 1049 4496; x_wconf 89' lang='lat' dir='ltr'><strong>audientes</strong></span> <span class='ocrx_word' id='word_1_521' title='bbox 1100 4431 1213 4504; x_wconf 74' lang='lat' dir='ltr'><strong>Aeolo</strong></span> <span class='ocrx_word' id='word_1_522' title='bbox 1236 4428 1374 4501; x_wconf 72' lang='lat' dir='ltr'><strong>cilitiis</strong></span> <span class='ocrx_word' id='word_1_523' title='bbox 1395 4428 1488 4498; x_wconf 81' lang='lat' dir='ltr'><strong>eius:</strong></span> <span class='ocrx_word' id='word_1_524' title='bbox 1521 4425 1604 4520; x_wconf 78' lang='lat' dir='ltr'><strong>(Bp.</strong></span> <span class='ocrx_word' id='word_1_525' title='bbox 1618 4421 1673 4520; x_wconf 85' lang='grc'><strong>6.)</strong></span> <span class='ocrx_word' id='word_1_526' title='bbox 1700 4422 1808 4492; x_wconf 91' lang='lat' dir='ltr'><strong>audio</strong></span> <span class='ocrx_word' id='word_1_527' title='bbox 1831 4418 1926 4489; x_wconf 91' lang='lat' dir='ltr'><strong>enim</strong></span> <span class='ocrx_word' id='word_1_528' title='bbox 1944 4412 2083 4527; x_wconf 78' lang='lat' dir='ltr'><strong>Peliam</strong></span> 
     </span>
     <span class='ocr_line' id='line_1_42' title="bbox 65 4515 2085 4634; baseline -0.012 -30"><span class='ocrx_word' id='word_1_529' title='bbox 65 4555 268 4621; x_wconf 81' lang='lat' dir='ltr'><strong>sermonem</strong></span> <span class='ocrx_word' id='word_1_530' title='bbox 285 4533 446 4604; x_wconf 87' lang='lat' dir='ltr'><strong>Medeae.</strong></span> <span class='ocrx_word' id='word_1_531' title='bbox 498 4533 533 4604; x_wconf 93' lang='grc' dir='ltr'><strong>Ο</strong></span> <span class='ocrx_word' id='word_1_532' title='bbox 554 4535 637 4603; x_wconf 83' lang='lat' dir='ltr'><strong>felix</strong></span> <span class='ocrx_word' id='word_1_533' title='bbox 650 4530 774 4613; x_wconf 87' lang='lat' dir='ltr'><strong>Batte,</strong></span> <span class='ocrx_word' id='word_1_534' title='bbox 807 4541 842 4599; x_wconf 87' lang='lat' dir='ltr'><strong>te</strong></span> <span class='ocrx_word' id='word_1_535' title='bbox 863 4528 1048 4599; x_wconf 88' lang='lat' dir='ltr'><strong>oraculum</strong></span> <span class='ocrx_word' id='word_1_536' title='bbox 1100 4535 1293 4618; x_wconf 61' lang='lat' dir='ltr'><strong>iniustum,</strong></span> <span class='ocrx_word' id='word_1_537' title='bbox 1335 4532 1572 4602; x_wconf 82' lang='lat' dir='ltr'><strong>confidentem</strong></span> <span class='ocrx_word' id='word_1_538' title='bbox 1595 4528 1703 4599; x_wconf 88' lang='lat' dir='ltr'><strong>stulto</strong></span> <span class='ocrx_word' id='word_1_539' title='bbox 1729 4524 1872 4604; x_wconf 88' lang='lat' dir='ltr'><strong>animo,</strong></span> <span class='ocrx_word' id='word_1_540' title='bbox 1914 4515 2085 4634; x_wconf 70' lang='lat' dir='ltr'><strong>praedam</strong></span> 
     </span>
     <span class='ocr_line' id='line_1_43' title="bbox 62 4629 2084 4731; baseline -0.009 -20"><span class='ocrx_word' id='word_1_541' title='bbox 62 4636 281 4711; x_wconf 73' lang='lat' dir='ltr'><strong>sauihculae</strong></span> <span class='ocrx_word' id='word_1_542' title='bbox 295 4632 491 4728; x_wconf 86' lang='lat' dir='ltr'><strong>Delphicae</strong></span> <span class='ocrx_word' id='word_1_543' title='bbox 508 4635 654 4705; x_wconf 75' lang='lat' dir='ltr'><strong>fatidico</strong></span> <span class='ocrx_word' id='word_1_544' title='bbox 678 4655 844 4705; x_wconf 91' lang='lat' dir='ltr'><strong>sermone</strong></span> <span class='ocrx_word' id='word_1_545' title='bbox 866 4629 1048 4702; x_wconf 84' lang='lat' dir='ltr'><strong>excitavit:</strong></span> <span class='ocrx_word' id='word_1_546' title='bbox 1100 4639 1277 4709; x_wconf 86' lang='lat' dir='ltr'><strong>violenter</strong></span> <span class='ocrx_word' id='word_1_547' title='bbox 1295 4644 1501 4707; x_wconf 84' lang='lat' dir='ltr'><strong>nostrorum</strong></span> <span class='ocrx_word' id='word_1_548' title='bbox 1519 4642 1709 4723; x_wconf 89' lang='lat' dir='ltr'><strong>parentum</strong></span> <span class='ocrx_word' id='word_1_549' title='bbox 1725 4647 1895 4717; x_wconf 85' lang='lat' dir='ltr'><strong>regnum:</strong></span> <span class='ocrx_word' id='word_1_550' title='bbox 1931 4641 1994 4712; x_wconf 74' lang='lat' dir='ltr'><strong>qu!</strong></span> <span class='ocrx_word' id='word_1_551' title='bbox 2014 4635 2084 4731; x_wconf 75' lang='lat' dir='ltr'><strong>me,</strong></span> 
     </span>
     <span class='ocr_line' id='line_1_44' title="bbox 63 4720 2084 4837; baseline -0.023 -10"><span class='ocrx_word' id='word_1_552' title='bbox 63 4762 159 4837; x_wconf 62' lang='lat' dir='ltr'><strong>(W</strong></span> <span class='ocrx_word' id='word_1_553' title='bbox 180 4752 216 4809; x_wconf 70' lang='lat'><strong>¹²</strong></span> <span class='ocrx_word' id='word_1_554' title='bbox 240 4741 361 4811; x_wconf 65' lang='lat' dir='ltr'><strong>diem</strong></span> <span class='ocrx_word' id='word_1_555' title='bbox 384 4751 439 4808; x_wconf 74' lang='lat'><strong>¹0¹·</strong></span> <span class='ocrx_word' id='word_1_556' title='bbox 462 4739 608 4820; x_wconf 59' lang='lat' dir='ltr'><strong>laetari,</strong></span> <span class='ocrx_word' id='word_1_557' title='bbox 636 4734 885 4829; x_wconf 63' lang='lat' dir='ltr'><strong>Pr0¹¹⁰¹¹llavll</strong></span> <span class='ocrx_word' id='word_1_558' title='bbox 906 4744 940 4801; x_wconf 76' lang='grc' dir='ltr'><strong>ῑθ</strong></span> <span class='ocrx_word' id='word_1_559' title='bbox 960 4733 1051 4800; x_wconf 61' lang='lat' dir='ltr'><strong>falt-</strong></span> <span class='ocrx_word' id='word_1_560' title='bbox 1101 4766 1182 4813; x_wconf 90' lang='lat' dir='ltr'><strong>cum</strong></span> <span class='ocrx_word' id='word_1_561' title='bbox 1198 4739 1352 4833; x_wconf 91' lang='lat' dir='ltr'><strong>primam</strong></span> <span class='ocrx_word' id='word_1_562' title='bbox 1367 4736 1442 4806; x_wconf 88' lang='lat' dir='ltr'><strong>vidi</strong></span> <span class='ocrx_word' id='word_1_563' title='bbox 1456 4737 1585 4816; x_wconf 92' lang='lat' dir='ltr'><strong>lucem,</strong></span> <span class='ocrx_word' id='word_1_564' title='bbox 1610 4741 1807 4801; x_wconf 89' lang='lat' dir='ltr'><strong>metuentes</strong></span> <span class='ocrx_word' id='word_1_565' title='bbox 1822 4720 1991 4793; x_wconf 88' lang='lat' dir='ltr'><strong>iniuriam</strong></span> <span class='ocrx_word' id='word_1_566' title='bbox 2007 4737 2084 4783; x_wconf 83' lang='lat' dir='ltr'><strong>vro·</strong></span> 
     </span>
     <span class='ocr_line' id='line_1_45' title="bbox 60 4816 2084 4937; baseline -0.019 -17"><span class='ocrx_word' id='word_1_567' title='bbox 60 4842 137 4919; x_wconf 77' lang='lat' dir='ltr'><strong>lem</strong></span> <span class='ocrx_word' id='word_1_568' title='bbox 154 4863 274 4930; x_wconf 62' lang='lat' dir='ltr'><strong>retem</strong></span> <span class='ocrx_word' id='word_1_569' title='bbox 289 4845 366 4913; x_wconf 74' lang='lat' dir='ltr'><strong>fore</strong></span> <span class='ocrx_word' id='word_1_570' title='bbox 379 4840 534 4936; x_wconf 65' lang='lat' dir='ltr'><strong>Libyae,</strong></span> <span class='ocrx_word' id='word_1_571' title='bbox 568 4838 649 4934; x_wconf 70' lang='grc' dir='ltr'><strong>(Ερο</strong></span> <span class='ocrx_word' id='word_1_572' title='bbox 664 4838 720 4937; x_wconf 70' lang='lat'><strong>⁸0)</strong></span> <span class='ocrx_word' id='word_1_573' title='bbox 746 4861 825 4907; x_wconf 65' lang='lat'><strong>⁰⁰³¹</strong></span> <span class='ocrx_word' id='word_1_574' title='bbox 851 4837 1050 4924; x_wconf 61' lang='lat' dir='ltr'><strong>interroga·</strong></span> <span class='ocrx_word' id='word_1_575' title='bbox 1100 4844 1188 4915; x_wconf 90' lang='lat' dir='ltr'><strong>lenti</strong></span> <span class='ocrx_word' id='word_1_576' title='bbox 1204 4839 1395 4935; x_wconf 91' lang='lat' dir='ltr'><strong>principis,</strong></span> <span class='ocrx_word' id='word_1_577' title='bbox 1420 4847 1618 4931; x_wconf 88' lang='lat' dir='ltr'><strong>posuerunt</strong></span> <span class='ocrx_word' id='word_1_578' title='bbox 1634 4834 1674 4902; x_wconf 91' lang='lat' dir='ltr'><strong>in</strong></span> <span class='ocrx_word' id='word_1_579' title='bbox 1698 4835 1808 4901; x_wconf 91' lang='lat' dir='ltr'><strong>domo</strong></span> <span class='ocrx_word' id='word_1_580' title='bbox 1833 4838 2006 4915; x_wconf 88' lang='lat' dir='ltr'><strong>tanquam</strong></span> <span class='ocrx_word' id='word_1_581' title='bbox 2028 4816 2084 4933; x_wconf 76' lang='lat' dir='ltr'><strong>fu-</strong></span> 
     </span>
     <span class='ocr_line' id='line_1_46' title="bbox 60 4925 2084 5038; baseline -0.022 -11"><span class='ocrx_word' id='word_1_582' title='bbox 60 4968 142 5026; x_wconf 67' lang='grc' dir='ltr'><strong>Μ,</strong></span> <span class='ocrx_word' id='word_1_583' title='bbox 170 4945 352 5036; x_wconf 72' lang='lat' dir='ltr'><strong>quomodo</strong></span> <span class='ocrx_word' id='word_1_584' title='bbox 368 4970 490 5038; x_wconf 87' lang='lat' dir='ltr'><strong>posses</strong></span> <span class='ocrx_word' id='word_1_585' title='bbox 503 4944 698 5037; x_wconf 88' lang='lat' dir='ltr'><strong>impeditae</strong></span> <span class='ocrx_word' id='word_1_586' title='bbox 711 4941 854 5031; x_wconf 87' lang='lat' dir='ltr'><strong>linguae</strong></span> <span class='ocrx_word' id='word_1_587' title='bbox 868 4935 1050 5030; x_wconf 83' lang='lat' dir='ltr'><strong>opitulari.</strong></span> <span class='ocrx_word' id='word_1_588' title='bbox 1102 4970 1169 5018; x_wconf 89' lang='lat' dir='ltr'><strong>nus</strong></span> <span class='ocrx_word' id='word_1_589' title='bbox 1188 4967 1269 5015; x_wconf 85' lang='lat' dir='ltr'><strong>cnm</strong></span> <span class='ocrx_word' id='word_1_590' title='bbox 1285 4941 1453 5012; x_wconf 87' lang='lat' dir='ltr'><strong>muliebri</strong></span> <span class='ocrx_word' id='word_1_591' title='bbox 1466 4941 1576 5011; x_wconf 85' lang='lat' dir='ltr'><strong>luctu.</strong></span> <span class='ocrx_word' id='word_1_592' title='bbox 1627 4935 1725 5006; x_wconf 90' lang='lat' dir='ltr'><strong>Clam</strong></span> <span class='ocrx_word' id='word_1_593' title='bbox 1741 4953 1828 5000; x_wconf 79' lang='lat' dir='ltr'><strong>vero</strong></span> <span class='ocrx_word' id='word_1_594' title='bbox 1847 4925 2024 4994; x_wconf 91' lang='lat' dir='ltr'><strong>miserunt</strong></span> <span class='ocrx_word' id='word_1_595' title='bbox 2045 4938 2084 4983; x_wconf 91' lang='grc' dir='ltr'><strong>ιιι</strong></span> 
     </span>
     <span class='ocr_line' id='line_1_47' title="bbox 166 5037 1050 5139; baseline -0.009 -24"><span class='ocrx_word' id='word_1_596' title='bbox 166 5043 216 5115; x_wconf 83' lang='lat' dir='ltr'><strong>Et</strong></span> <span class='ocrx_word' id='word_1_597' title='bbox 228 5068 326 5117; x_wconf 86' lang='lat' dir='ltr'><strong>nuno</strong></span> <span class='ocrx_word' id='word_1_598' title='bbox 340 5051 405 5119; x_wconf 91' lang='lat' dir='ltr'><strong>sub</strong></span> <span class='ocrx_word' id='word_1_599' title='bbox 417 5072 530 5118; x_wconf 85' lang='lat' dir='ltr'><strong>verno</strong></span> <span class='ocrx_word' id='word_1_600' title='bbox 552 5062 737 5139; x_wconf 89' lang='lat' dir='ltr'><strong>tempore,</strong></span> <span class='ocrx_word' id='word_1_601' title='bbox 769 5054 851 5133; x_wconf 92' lang='lat' dir='ltr'><strong>post</strong></span> <span class='ocrx_word' id='word_1_602' title='bbox 871 5052 927 5109; x_wconf 92' lang='lat' dir='ltr'><strong>tot</strong></span> <span class='ocrx_word' id='word_1_603' title='bbox 945 5037 1050 5123; x_wconf 84' lang='lat' dir='ltr'><strong>filios,</strong></span> 
     </span>
     <span class='ocr_line' id='line_1_48' title="bbox 60 5139 2085 5256; baseline -0 -37"><span class='ocrx_word' id='word_1_604' title='bbox 60 5146 170 5219; x_wconf 74' lang='lat' dir='ltr'><strong>horn</strong></span> <span class='ocrx_word' id='word_1_605' title='bbox 192 5161 340 5221; x_wconf 84' lang='lat' dir='ltr'><strong>octavus</strong></span> <span class='ocrx_word' id='word_1_606' title='bbox 355 5151 549 5233; x_wconf 79' lang='lat' dir='ltr'><strong>Arcesilas,</strong></span> <span class='ocrx_word' id='word_1_607' title='bbox 582 5149 640 5220; x_wconf 91' lang='lat' dir='ltr'><strong>cui</strong></span> <span class='ocrx_word' id='word_1_608' title='bbox 656 5144 788 5238; x_wconf 84' lang='lat' dir='ltr'><strong>Apollo</strong></span> <span class='ocrx_word' id='word_1_609' title='bbox 805 5139 955 5238; x_wconf 90' lang='lat' dir='ltr'><strong>Pythius</strong></span> <span class='ocrx_word' id='word_1_610' title='bbox 978 5153 1050 5210; x_wconf 91' lang='lat' dir='ltr'><strong>tra-</strong></span> <span class='ocrx_word' id='word_1_611' title='bbox 1817 5208 1832 5256; x_wconf 58' lang='lat' dir='ltr'>h</span> <span class='ocrx_word' id='word_1_612' title='bbox 1877 5222 1910 5234; x_wconf 63' lang='grc'>-</span> <span class='ocrx_word' id='word_1_613' title='bbox 1927 5203 1995 5255; x_wconf 63' lang='lat' dir='ltr'><em>m</em></span> <span class='ocrx_word' id='word_1_614' title='bbox 2025 5205 2085 5252; x_wconf 43' lang='lat'><strong>„-</strong></span> 
     </span>
     <span class='ocr_line' id='line_1_49' title="bbox 61 5203 2070 5368; baseline -0.005 -47"><span class='ocrx_word' id='word_1_615' title='bbox 61 5248 156 5321; x_wconf 86' lang='lat' dir='ltr'><strong>didit</strong></span> <span class='ocrx_word' id='word_1_616' title='bbox 171 5251 357 5322; x_wconf 89' lang='lat' dir='ltr'><strong>victoriam</strong></span> <span class='ocrx_word' id='word_1_617' title='bbox 374 5265 571 5348; x_wconf 90' lang='lat' dir='ltr'><strong>equestrem</strong></span> <span class='ocrx_word' id='word_1_618' title='bbox 587 5243 1050 5340; x_wconf 80' lang='lat' dir='ltr'><strong>iudicioAmphictyonum:</strong></span> <span class='ocrx_word' id='word_1_619' title='bbox 1135 5203 1911 5368; x_wconf 34' lang='grc' dir='ltr'><strong>7))ῗὲξῖῗῇῗίξὸἐοἛξξῇοῗοζῗίῶῗᾚζ</strong></span> <span class='ocrx_word' id='word_1_620' title='bbox 1961 5216 2006 5257; x_wconf 69' lang='lat'><strong>&#39;¹&#39;</strong></span> <span class='ocrx_word' id='word_1_621' title='bbox 2061 5219 2070 5250; x_wconf 69' lang='lat'>⁸</span> 
     </span>
    </p>
   </div>
   <div class='ocr_carea' id='block_1_3' title="bbox 63 5345 2082 5542">
    <p class='ocr_par' dir='ltr' id='par_1_3' title="bbox 63 5345 2082 5542">
     <span class='ocr_line' id='line_1_50' title="bbox 63 5345 2082 5468; baseline -0.008 -44"><span class='ocrx_word' id='word_1_622' title='bbox 63 5375 170 5447; x_wconf 85' lang='lat' dir='ltr'><strong>quem</strong></span> <span class='ocrx_word' id='word_1_623' title='bbox 190 5367 226 5425; x_wconf 94' lang='lat' dir='ltr'><strong>et</strong></span> <span class='ocrx_word' id='word_1_624' title='bbox 249 5379 314 5449; x_wconf 89' lang='lat' dir='ltr'><strong>ego</strong></span> <span class='ocrx_word' id='word_1_625' title='bbox 335 5358 477 5427; x_wconf 89' lang='lat' dir='ltr'><strong>tradam</strong></span> <span class='ocrx_word' id='word_1_626' title='bbox 494 5351 628 5437; x_wconf 89' lang='lat' dir='ltr'><strong>Musis,</strong></span> <span class='ocrx_word' id='word_1_627' title='bbox 661 5351 767 5423; x_wconf 91' lang='lat' dir='ltr'><strong>simul</strong></span> <span class='ocrx_word' id='word_1_628' title='bbox 791 5374 872 5421; x_wconf 90' lang='lat' dir='ltr'><strong>cum</strong></span> <span class='ocrx_word' id='word_1_629' title='bbox 893 5345 1050 5418; x_wconf 90' lang='lat' dir='ltr'><strong>carmine</strong></span> <span class='ocrx_word' id='word_1_630' title='bbox 1134 5411 1168 5468; x_wconf 56' lang='grc' dir='ltr'><strong>θ)</strong></span> <span class='ocrx_word' id='word_1_631' title='bbox 1184 5404 1267 5463; x_wconf 52' lang='lat' dir='ltr'><strong>men</strong></span> <span class='ocrx_word' id='word_1_632' title='bbox 1284 5400 1327 5451; x_wconf 52' lang='grc' dir='ltr'><strong>,κ</strong></span> <span class='ocrx_word' id='word_1_633' title='bbox 1341 5394 1442 5458; x_wconf 55' lang='lat' dir='ltr'><strong>mm</strong></span> <span class='ocrx_word' id='word_1_634' title='bbox 1457 5397 1507 5454; x_wconf 79' lang='lat'><strong>(=</strong></span> <span class='ocrx_word' id='word_1_635' title='bbox 1524 5389 1603 5444; x_wconf 60' lang='lat' dir='ltr'><em>m</em></span> <span class='ocrx_word' id='word_1_636' title='bbox 1617 5381 1761 5452; x_wconf 54' lang='lat' dir='ltr'><strong>»mg-&gt;3</strong></span> <span class='ocrx_word' id='word_1_637' title='bbox 1792 5381 1877 5435; x_wconf 59' lang='lat' dir='ltr'><strong>„m</strong></span> <span class='ocrx_word' id='word_1_638' title='bbox 1890 5378 1985 5439; x_wconf 52' lang='grc' dir='ltr'><strong>Μ,</strong></span> <span class='ocrx_word' id='word_1_639' title='bbox 2005 5373 2082 5426; x_wconf 63' lang='lat'><strong>1553,</strong></span> 
     </span>
     <span class='ocr_line' id='line_1_51' title="bbox 64 5450 1515 5542; baseline -0.006 -20"><span class='ocrx_word' id='word_1_640' title='bbox 64 5456 109 5523; x_wconf 83' lang='lat' dir='ltr'><strong>de</strong></span> <span class='ocrx_word' id='word_1_641' title='bbox 130 5457 260 5528; x_wconf 78' lang='lat' dir='ltr'><strong>uellere</strong></span> <span class='ocrx_word' id='word_1_642' title='bbox 281 5482 406 5531; x_wconf 91' lang='lat' dir='ltr'><strong>aureo.</strong></span> <span class='ocrx_word' id='word_1_643' title='bbox 466 5454 557 5528; x_wconf 91' lang='lat' dir='ltr'><strong>Cum</strong></span> <span class='ocrx_word' id='word_1_644' title='bbox 579 5452 676 5525; x_wconf 89' lang='lat' dir='ltr'><strong>enim</strong></span> <span class='ocrx_word' id='word_1_645' title='bbox 698 5453 744 5522; x_wconf 90' lang='lat' dir='ltr'><strong>ad</strong></span> <span class='ocrx_word' id='word_1_646' title='bbox 766 5452 806 5524; x_wconf 91' lang='lat' dir='ltr'><strong>id</strong></span> <span class='ocrx_word' id='word_1_647' title='bbox 824 5450 1052 5542; x_wconf 84' lang='lat' dir='ltr'><strong>navigassent</strong></span> <span class='ocrx_word' id='word_1_648' title='bbox 1174 5475 1272 5527; x_wconf 71' lang='lat' dir='ltr'><strong>nendo</strong></span> <span class='ocrx_word' id='word_1_649' title='bbox 1288 5473 1416 5532; x_wconf 65' lang='lat' dir='ltr'><strong>snoges</strong></span> <span class='ocrx_word' id='word_1_650' title='bbox 1439 5462 1515 5515; x_wconf 73' lang='lat' dir='ltr'><strong>tutet</strong></span> 
     </span>
    </p>
   </div>
   <div class='ocr_carea' id='block_1_4' title="bbox 1102 5114 1316 5140">
    <p class='ocr_par' dir='ltr' id='par_1_4' title="bbox 1102 5114 1316 5140">
     <span class='ocr_line' id='line_1_52' title="bbox 1102 5114 1316 5140; baseline 0 -11"><span class='ocrx_word' id='word_1_651' title='bbox 1102 5114 1316 5140; x_wconf 53' lang='grc' dir='ltr'><strong>’.Μ</strong></span> 
     </span>
    </p>
   </div>
   <div class='ocr_carea' id='block_1_5' title="bbox 0 0 2391 6004">
    <p class='ocr_par' dir='ltr' id='par_1_5' title="bbox 0 0 2391 6004">
     <span class='ocr_line' id='line_1_53' title="bbox 0 0 2391 6004; baseline 0 0"><span class='ocrx_word' id='word_1_652' title='bbox 0 0 2391 6004; x_wconf 95' lang='lat' dir='ltr'><strong> </strong></span> 
     </span>
    </p>
   </div>
  </div>
 </body>
</html>
