4762 6008
244 276 315 365 esc
811 264 933 336 esur.
968 264 1080 337 uer..
1114 260 1314 335 semera
1348 246 1682 334 enuoroolcn
2196 270 2288 344 ω

244 445 330 528 ulii,
366 442 512 510 reducet
534 437 751 508 incolumem
778 436 970 506 exercitum
999 437 1122 504 divino
1148 434 1246 505 auxi·
1297 460 1381 504 nam
1400 436 1635 506 fertilissimae
1652 444 1791 514 terrae,
1810 446 1849 500 ut
1864 428 2044 501 habitaret
2059 431 2097 501 in
2112 449 2216 526 parte
2230 463 2290 509 οἳ.

252 549 303 618 lio
330 539 545 642 (apuam
561 541 688 632 Argos.
739 538 835 607 Haec
852 538 942 606 dixit
960 534 1213 630 Amphiaraus.
1296 538 1350 608 bis
1366 537 1492 618 tertia,
1518 534 1768 605 florentissima
1785 532 1911 626 Libya.

255 670 261 676 ·
354 646 401 716 Et
424 666 490 733 ego
513 644 670 734 gaudeus
693 641 950 709 Alcmaeonem
977 641 1119 710 coronis
1143 662 1248 720 orno,
1404 654 1571 746 (ml.)
1610 652 1758 744 Excepit
1788 665 1906 722 autem
1929 652 2051 724 Venus
2081 657 2289 749 Apollinem

251 766 286 821 ct
315 768 510 837 consperge
536 743 714 822 carmine,
740 742 822 836 quia
849 737 940 810 mihi
960 741 1098 813 vicinus
1115 752 1187 824 εει,
1213 753 1248 809 ει
1298 753 1498 848 hospitem,
1532 756 1694 824 divinum
1729 777 1873 823 cun-um
1899 779 2009 825 manu
2034 758 2160 828 leviter
2182 761 2291 830 attin.

251 863 368 921 custos
383 870 546 915 mearum
562 847 793 928 sacullfllssms
818 856 853 911 el
867 845 1022 913 Occurrit
1041 839 1130 913 mlh?
1148 842 1247 911 flunll
1299 884 1405 951 gens,
1431 873 1466 929 et
1480 860 1530 930 eis
1544 857 1668 927 iniecit
1683 859 1922 927 verecundum
1948 882 2109 928 amorem
2130 863 2291 932 dulcium

254 954 300 1022 ad
325 948 533 1021 umbilicum
563 961 702 1026 temes
736 945 900 1014 ‘'ldelloel
926 949 970 1014 ad
999 942 1181 1037 D²¹Ph⁰⁵2
1214 955 1248 1011 ⁰¹
1300 962 1491 1044 cubilium,
1534 958 1866 1052 iungens'Apollini
1899 973 2049 1053 nuptam
2083 963 2193 1031 hliam
2217 964 2292 1057 lly-

253 1053 370 1144 alligit
386 1061 555 1140 wellam
571 1063 691 1140 Ρὸῐῑθὸ
706 1047 879 1118 Vflfisslssli·
1271 1020 1276 1147 l
1298 1065 1392 1156 psei,
1420 1064 1481 1157 qui
1506 1075 1591 1132 tunc
1619 1071 1695 1130 erat
1721 1073 1849 1153 potens
1870 1085 1933 1131 rex
1954 1059 2212 1153 Lapitharum,
2246 1090 2289 1135 ex

358 1152 451 1246 (Slr·
474 1148 528 1242 4·)
564 1152 623 1221 Tu
659 1175 745 1219 vero
777 1151 929 1243 Apollo,
967 1150 1028 1242 qul
1058 1171 1247 1216 ⁶⁰ffl¹¹¹¹¹¹¹0
1272 1150 1276 1175 '
1300 1166 1445 1235 Oceano
1468 1167 1641 1235 secundus
1662 1165 1799 1233 ducens
1824 1187 1953 1255 genus,
1993 1190 2100 1258 quem
2133 1168 2218 1236 olim
2249 1169 2289 1236 in

255 1257 430 1347 implum
453 1250 547 1344 “85⁸
579 1253 619 1321 5¹¹
651 1254 742 1323 valle
765 1248 960 1348 Pl¹h⁰¹¹l⁵a
1003 1249 1065 1319 ubi
1093 1248 1248 1318 lrlbulSli
1299 1269 1406 1339 Pindi
1432 1267 1586 1337 vallibus
1611 1262 1770 1359 nympha
1787 1264 1942 1346 Creusa,
1967 1266 2105 1337 Terrae
2132 1269 2225 1354 lilia,
2252 1271 2290 1337 in

255 1359 453 1429 maximum
488 1356 659 1446 gaudium
684 1355 923 1436 Aristomeni,
964 1354 1033 1447 qui
1055 1351 1184 1422 dedisti
1214 1363 1249 1420 et
1299 1372 1390 1440 ΜΟ
1410 1370 1520 1438 penei
1538 1369 1688 1461 peperit,

256 1472 362 1531 antea
387 1456 577 1526 victoriam
608 1454 785 1548 pentatbli
809 1458 849 1526 in
872 1455 1026 1547 Aegina:
1061 1467 1095 1524 te
1122 1464 1248 1544 sponte

258 1564 407 1642 invoco,
453 1557 641 1654 (aaut.)
673 1573 714 1631 ut
741 1559 929 1651 respicias,
965 1581 1055 1652 quae
1086 1558 1129 1624 de
1161 1579 1278 1679 quo-3

261 1685 401 1757 ‘unqu‘
425 1684 464 1729 ¹¹¹
484 1655 675 1731 h³¹¹¹¹⁰¹¹¹²¹
698 1675 833 1753 reP⁰¹⁰·
885 1660 992 1729 D¹¹¹⁰¹
1018 1681 1168 1728 camum
1189 1659 1250 1725 ad'
1275 1684 1279 1790 j
1301 1716 1495 1762 coenarum
1525 1692 1670 1761 delicias
1698 1690 1793 1760 inter
1820 1690 2031 1762 domesticas
2055 1691 2187 1771 socias3
2225 1694 2290 1763 scd

260 1779 332 1839 ῦῑὸῑ
363 1762 508 1832 verilis·
577 1762 817 1856 01)ῑοέιυίθῐῐι
843 1776 980 1833 lemae
1003 1762 1187 1841 f⁰fl¹¹¹¹³⁰’
1228 1784 1250 1826 ⁰
1275 1791 1427 1877 {iaculis
1452 1794 1570 1865 aeneis
1594 1807 1629 1865 et
1644 1817 1726 1863 ense
1745 1817 1930 1884 pugnans,
1955 1793 2130 1862 interfecit
2142 1794 2289 1878 bestias,

261 1869 459 1947 Xenarces,
487 1865 648 1934 divinum
666 1866 850 1936 auxilium.
904 1864 993 1934 Cum
1010 1887 1105 1932 enim
1123 1862 1251 1978 aliquis
1276 1900 1280 1987 ξ
1302 1920 1425 1989 pacem
1441 1897 1596 1967 efficiens
1610 1895 1769 1987 paternis
1785 1898 1912 1981 hobus,
1938 1895 2288 1987 αἰμΜΜΜΜ
2364 1972 2367 1977 ι

264 1970 339 2041 sinc
361 1989 494 2057 magno
520 1965 642 2038 labore
656 1971 860 2038 fortunatus
876 1980 946 2050 est,
973 1965 1002 2035 is
1021 1964 1252 2057 imperitiorr·
1275 1990 1280 2075 p
1302 1999 1482 2091 pappebris
1495 1999 1707 2092 impendens
1722 2000 1767 2066 ad
1787 2012 1970 2091 repentem
1987 2020 2169 2069 auroram·

262 2075 330 2143 bus
350 2069 493 2138 videtur
518 2070 680 2162 sapiens,
721 2069 803 2162 (Ep.
817 2067 870 2164 4.)
893 2081 928 2137 et
952 2092 1017 2137 suo
1034 2066 1181 2139 consilio
1200 2064 1252 2130 vi·
1277 2105 1281 2161 Ι

265 2188 340 2244 tam
363 2171 531 2241 exaltare.
590 2169 630 2240 ld
652 2196 738 2240 vero
760 2196 835 2240 non
863 2184 915 2240 est
943 2193 1050 2262 penes
1076 2165 1281 2247 homines*

265 2276 328 2347 'sed
350 2272 449 2344 Deus
471 2275 635 2363 praehet:
678 2274 765 2346 aliais
794 2274 902 2341 alium
930 2272 1107 2356 exaltans,
1142 2268 1250 2337 alium
1277 2276 1281 2307 ³

266 2374 550 2447 verodeiiciens.

332 2542 336 2551 .
367 2474 409 2546 In
432 2475 588 2570 Megaris
615 2473 724 2547 habcs
753 2475 951 2551 honorem,
996 2489 1029 2543 et
1056 2476 1093 2542 in
1121 2474 1252 2563 angulo

266 2568 512 2664 Marathonis,
549 2591 585 2648 et
606 2580 644 2647 in
667 2581 785 2672 patrio
810 2570 1003 2646 certamine
1026 2575 1172 2646 bruonis
1199 2588 1254 2643 ter

268 2681 400 2759 vicisti;
438 2679 529 2772 (sa.
547 2675 601 2775 6.)
622 2681 779 2751 incidisti
800 2692 835 2748 et
856 2692 1011 2772 quatuor
1032 2678 1255 2771 corporibus,

270 2807 363 2879 quae
387 2781 523 2867 vicisti,
557 2783 685 2876 quibus
708 2806 825 2878 neque
851 2782 986 2852 reditus
1007 2780 1182 2851 iucundus
1204 2791 1256 2848 cst

268 2909 333 2977 per
347 2881 518 2976 Pythium
532 2880 727 2970 hordeum,
752 2907 869 2980 neque
883 2884 974 2953 risus
991 2885 1086 2974 apud
1104 2893 1253 2948 matrem

267 2988 305 3056 in
333 2985 450 3056 reditu
473 2986 625 3077 gratiam
650 2987 781 3057 attulit.
839 2983 880 3052 ln
900 2983 1026 3074 plateis
1047 2996 1165 3051 autem
1190 2976 1256 3049 ho·

269 3090 374 3159 stium
399 3089 608 3178 fugitantes,
651 3099 734 3157 sunt
762 3085 912 3177 trepidi,
954 3084 1153 3154 calamitate
1177 3106 1255 3154 sair·

270 3189 364 3258 ciati.

1402 1485 1480 1578 (Ep.
1506 1486 1556 1580 1.)
1596 1487 1664 1555 Hic
1697 1509 1784 1554 vero
1815 1485 1926 1555 liliam'
1956 1482 2084 1557 habuit
2112 1488 2290 1582 Cyrenen,

1302 1614 1392 1684 quae
1409 1614 1474 1658 nec
1489 1591 1639 1660 telarum
1657 1590 1885 1678 retrogradae
1900 1588 1976 1660 vias
1991 1591 2145 1674 amavit,
2170 1614 2290 1686 neque

1408 2130 1501 2224 (Sa.
1518 2133 1573 2229 2.)
1606 2129 1737 2222 Apollo
1760 2127 1997 2223 deprehendit
2023 2153 2103 2199 cam
2126 2155 2206 2200 cum
2232 2154 2291 2201 ro·

1304 2235 1409 2305 busto
1423 2235 1527 2304 leone
1546 2233 1661 2304 solam
1675 2233 1889 2317 luctantem,
1912 2232 1989 2304 sine
2003 2228 2118 2305 hasta.
2160 2231 2290 2304 Statim

1277 2328 1282 2465 1
1305 2335 1414 2427 igitur
1431 2332 1624 2406 Chironem
1643 2349 1767 2405 evocat
1785 2360 1827 2405 ex
1842 2338 1969 2406 domo:
1997 2335 2032 2406 Ο
2054 2331 2210 2419 Chiron,
2236 2358 2291 2405 re·

1278 2470 1282 2493 ι
1304 2438 1471 2531 linquens
1493 2450 1637 2507 antrum
1663 2450 1787 2522 tuum,
1827 2438 2014 2510 admireris
2044 2436 2290 2511 fortitudinem

1278 2506 1283 2609 l
1307 2539 1470 2632 virginis:
1504 2541 1609 2635 quale
1625 2550 1804 2611 certamen
1822 2541 1925 2632 virgo
1938 2541 2089 2613 sustinet
2110 2539 2291 2634 intrepido

1306 2642 1442 2735 capite,
1476 2636 1611 2712 habens
1633 2653 1755 2734 pectus
1778 2666 1885 2735 super
1913 2645 2096 2726 laborem,
2128 2666 2195 2712 nec
2217 2640 2293 2713 eius

1306 2767 1408 2813 mens
1422 2743 1571 2814 fluctuat
1587 2756 1699 2814 metu.
1746 2744 1836 2838 Quis
1851 2768 1928 2815 eam
1945 2740 2094 2837 genuit?
2118 2756 2154 2813 ει
2172 2767 2192 2811 a
2218 2766 2291 2837 qua

1307 2844 1417 2936 stirpe
1439 2848 1637 2936 producta,
1663 2842 1764 2938 (Ant.
1780 2848 1835 2943 2.)
1861 2846 2016 2919 venitin
2037 2840 2169 2918 horum
2184 2867 2292 2915 mon-

1307 2947 1395 3017 tium
1414 2971 1550 3041 specus,
1565 2960 1600 3017 et
1613 2951 1879 3020 tentatinbnita
1896 2946 2113 3019 certamina?
2136 2945 2293 3017 Piumne

1307 3061 1360 3221 {st
1372 3074 1453 3220 Eam
1466 3063 1702 3203 pontrectarc,
1730 3065 1766 3122 et
1785 3077 1826 3123 ex
1840 3054 1931 3122 lecto
1947 3052 2137 3143 decerpere
2152 3048 2294 3119 dulcem

1334 3176 1372 3220 cr
1398 3176 1476 3221 am.
1892 3169 1895 3175 ’
2196 3166 2199 3171 ’

372 3288 471 3377 (dot.
486 3287 539 3384 5.)
567 3290 640 3382 Qui
658 3302 783 3359 nactus
801 3300 853 3358 est
874 3310 994 3357 recens
1011 3287 1167 3369 bonum‘,
1193 3311 1256 3354 vo·
1408 3284 1501 3355 Huic
1524 3286 1743 3375 respondens
1767 3285 1986 3370 Centaurus,
2019 3286 2148 3355 blande
2172 3283 2295 3354 ridens

272 3392 353 3460 litat
368 3413 430 3482 spe
445 3414 606 3489 magna,
621 3392 714 3460 alata
735 3389 922 3482 superbia,
946 3385 1081 3459 hahens
1104 3388 1255 3478 gloriam
1309 3385 1455 3454 amabili
1488 3385 1678 3477 supercilio
1710 3388 1817 3456 dixit:
1852 3384 2022 3459 Occultac
2055 3400 2149 3473 sunt¹
2177 3388 2294 3457 claves

270 3492 449 3585 potiorem
468 3491 614 3563 divitiis.
665 3492 803 3583 Exiguo
826 3504 943 3561 autem
967 3503 1127 3581 tempore
1151 3492 1257 3560 durat
1308 3485 1549 3580 persuasionis
1564 3511 1728 3558 amorum
1745 3489 1783 3559 iu
1801 3489 1881 3562 Diis
1900 3502 1937 3561 et
1956 3486 2176 3560 hominibus.
2226 3487 2296 3556 Ve-

270 3594 430 3676 felicitas,
445 3607 479 3662 et
494 3618 616 3666 rursus
629 3595 760 3664 decidit
774 3595 812 3663 in
824 3606 956 3675 terram
974 3604 1138 3685 quassata
1149 3593 1256 3663 stulta
1310 3588 1481 3658 recundia
1523 3602 1691 3660 tenentur
1738 3592 1858 3683 palam
1910 3594 2084 3686 attingere
2125 3589 2294 3684 puellam.
2331 3646 2335 3651 .

271 3709 402 3766 mente.
436 3692 580 3792 (uns.)
594 3697 758 3768 Vivimus
772 3720 844 3767 uno
858 3695 927 3778 die,
944 3696 1029 3789 quid
1043 3692 1257 3788 estaliqnis?
1309 3690 1460 3787 (Ep.2.)
1487 3692 1540 3761 Τε
1562 3716 1726 3786 quoqne,
1757 3719 1863 3788 quem
1890 3719 1997 3766 nemo
2021 3694 2145 3764 fallere
2165 3705 2295 3785 potest,

272 3798 358 3890 quid
378 3810 429 3867 est
446 3798 588 3870 nullus?
621 3800 750 3871 Sumus
772 3798 922 3869 umbrae
944 3799 1123 3867 somnium
1140 3794 1257 3866 homi·
1309 3817 1412 3864 amor
1427 3794 1540 3865 movit
1552 3789 1648 3864 hunc
1664 3820 1866 3868 sermonem
1883 3797 2020 3869 efferre.
2058 3795 2167 3867 Mene
2183 3794 2296 3864 inter·

271 3921 347 3970 nes.
371 3899 438 3969 Sed
455 3904 601 3992 quando
612 3901 783 3972 divinitus
798 3902 942 3994 affulget
957 3901 1028 3984 lux,
1044 3914 1129 3970 tunc
1141 3901 1258 3991 splen·
1308 3920 1440 3987 rogas,
1481 3897 1576 3967 unde
1603 3921 1714 3988 genus
1737 3899 1783 3970 sit
1805 3900 1964 3994 puellae,
2004 3897 2067 3995 qui
2096 3897 2172 3991 ipse
2198 3898 2296 3968 nosti

274 4002 335 4070 det
347 3996 533 4071 hominum
557 4003 702 4085 vita,et
717 4016 818 4094 grata
835 4016 897 4074 est.
933 4001 1112 4094 OAegina
1131 4015 1257 4084 mater,
1310 4023 1454 4069 omnem
1473 4000 1599 4085 finem,
1626 4014 1661 4069 et
1684 4026 1808 4074 omnes
1834 4003 1928 4089 vias,
1954 4016 1989 4073 et
2009 4014 2100 4097 quot
2113 4021 2225 4071 verna
2240 4001 2295 4070 so·

274 4127 354 4171 cum
369 4103 482 4171 libero
499 4103 653 4172 exercitu
668 4127 785 4174 serves
799 4101 892 4173 hanc
904 4104 1044 4184 urbem,
1069 4128 1148 4171 cum
1162 4100 1258 4184 love,
1309 4101 1357 4170 lia
1381 4104 1556 4193 producat
1581 4115 1698 4187 terra,
1734 4118 1769 4173 et
1792 4118 1926 4200 quanta
1948 4126 2058 4175 arena
2083 4102 2122 4173 in
2143 4100 2238 4172 mari
2259 4114 2295 4172 et

273 4204 413 4282 Aeaco,
440 4202 566 4286 Peleo,
592 4204 790 4272 Telamone
815 4217 848 4272 et
868 4197 1017 4272 Achille.
1308 4202 1516 4274 fluminibus
1530 4205 1867 4277 volvaturfluctibus
1882 4221 1917 4276 et
1932 4221 2121 4278 ventorum
2138 4204 2295 4295 impetu:

287 4336 289 4341 ·
762 4292 771 4307 ’
1309 4317 1345 4374 ει
1360 4304 1471 4385 vides,
1497 4329 1588 4398 quae
1600 4305 1719 4375 futura
1738 4308 1822 4392 sint,
1849 4321 1883 4377 et
1899 4311 1993 4379 unde
2008 4310 2080 4380 sint
2095 4304 2293 4379 eventura?

666 4406 757 4492 (lde
788 4407 865 4492 ΙΧ.
1309 4406 1372 4478 Sin
1395 4417 1515 4475 autem
1546 4405 1628 4475 licet
1653 4431 1733 4477 cum
1766 4410 1925 4504 sapiente
1954 4411 2075 4507 loqui,
2122 4407 2213 4504 (ste
2238 4406 2294 4506 3,)
2334 4450 2340 4460 .

343 4555 615 4629 remo
631 4556 676 4651 ι’)
1309 4505 2172 4689 tralucentesteactae
2187 4510 2297 4684 aas

376 4706 467 4797 (Str.
488 4709 540 4805 1.)
574 4711 667 4783 Volo
688 4707 902 4804 Pythiorum
929 4711 1100 4784 victorem
1123 4713 1257 4784 Telesi-
1309 4712 1508 4805 principem
1532 4714 1707 4800 civitatis,
1732 4744 1950 4813 congregans
1971 4719 2166 4789 insularem
2179 4740 2295 4810 popu·

273 4821 407 4878 cratem
422 4835 502 4882 cum
521 4812 655 4886 Gratiis
677 4813 847 4886 nuntians
868 4836 1017 4898 souare,
1042 4816 1179 4886 felicem
1205 4815 1258 4885 vi·
1308 4816 1385 4888 lum
1411 4817 1456 4886 ad
1483 4819 1660 4888 tumulum
1685 4836 1898 4915 equestrem.
1964 4822 2069 4893 Nunc
2087 4819 2205 4914 Libya
2232 4815 2295 4889 ba·

271 4930 374 4994 rum,
401 4937 571 4984 coronam
595 4916 770 5010 Cyrenes,
803 4941 910 5011 quam
938 4941 1102 4990 comosus
1124 4920 1256 5012 Apollo
1307 4920 1396 4990 bens
1411 4920 1565 5011 spatiosa
1579 4934 1703 5012 prata,
1727 4926 1876 5017 recipiet
1890 4918 2099 5017 Nympham
2114 4922 2153 4992 in
2177 4920 2296 4992 aureis

272 5032 314 5077 er
334 5011 486 5086 flatnoso
516 5019 597 5089 sinu
621 5020 713 5090 Pelii
736 5021 872 5112 rapuit,
908 5031 943 5088 et
969 5019 1051 5089 tulit
1080 5021 1253 5112 virginem
1307 5021 1425 5092 tectis:
1454 5023 1516 5092 ubi
1536 5023 1569 5092 ei
1593 5032 1711 5093 terrae
1733 5041 1872 5120 partem
1894 5025 2112 5110 attribuens,
2135 5023 2295 5117 legitime

271 5113 487 5185 venatricem
512 5120 550 5189 in
574 5147 684 5193 aureo
700 5146 826 5206 curru,
856 5121 918 5192 ubi
940 5121 1023 5191 lecit
1046 5147 1123 5192 eam
1142 5124 1256 5193 domi·
1308 5124 1478 5208 donabit,
1511 5119 1701 5195 habentem
1729 5142 1764 5197 ει
1787 5132 1928 5223 plantas
1950 5128 2103 5211 fertiles,
2129 5128 2297 5198 etseras.

272 5278 476 5298 -....
1308 5222 1407 5317 (Ant.
1430 5227 1483 5322 8.)
1510 5224 1563 5297 lbi
1589 5240 1624 5297 et
1653 5229 1765 5301 lilium
1788 5234 1905 5323 pariet
1926 5231 2151 5315 Aristaeum,
2185 5253 2295 5325 quern

308 5372 354 5439 ιη
375 5376 616 5449 recesseram]
636 5384 679 5435 ne
695 5387 745 5439 na.
762 5388 836 5438 ruo.
872 5388 963 5454 (rinc.
981 5407 1015 5436 =
1036 5385 1254 5458 reassumi),
1304 5326 1505 5448 Me‘fu‘im
1536 5330 1700 5404 ‘'uf‘'‘m
1730 5358 1750 5403 θ
1781 5347 1915 5420 matre,
1948 5335 2048 5406 ‘¹³¹‘st
2067 5334 2299 5409 educandum

338 5444 388 5493 ro.
404 5445 478 5498 rasa.
498 5448 696 5505 rleteecraa.
1305 5428 1413 5502 Horis
1430 5445 1465 5504 et
1479 5431 1626 5503 Terrae.
