4762 6008
119 332 121 336 .
163 270 236 351 841
278 356 283 365 ,
413 327 416 334 -
627 271 829 345 Lxxxvtt.
889 266 1172 344 manuario
1199 267 1475 344 BUCOLlCON
1508 267 1713 345 VIRGlLll.
2104 274 2181 351 342

159 445 237 517 diti.
296 441 398 515 Alter
421 443 515 515 enim
542 444 722 543 (Damon)
748 445 904 517 deiectus
928 447 973 515 de
996 467 1057 537 spe
1079 466 1144 534 po-
1533 444 1661 528 [02010
1669 466 1739 559 ga
1765 444 1843 530 ΙΧ,

159 545 277 617 tiundi
291 546 426 619 amasia
441 545 546 630 Nisa,
568 571 660 641 quae
673 547 803 639 Mopso
818 547 857 616 in
871 544 1141 617 matrimonium

157 649 332 721 collocata
357 661 454 731 erat,
478 649 578 720 nulla
597 649 802 722 inconcessa
828 630 963 721 amoris
985 647 1142 717 remedia
1970 738 1974 743 Π

156 747 324 836 adhibet,
349 753 412 825 sed
428 763 567 825 tantum
581 776 685 823 suam
700 751 881 824 miseriam
899 762 935 820 et
956 748 1143 819 infelicita·
1295 746 1453 820 Venusta
1471 745 1604 840 Ecloga
1623 759 1677 818 est
1690 748 1827 819 variata
1847 750 2019 843 querelis,
2045 751 2139 825 votis

157 864 229 925 tem
260 846 446 949 deplorat,
482 854 700 927 intertexens
733 877 816 927 suae
838 853 1003 948 querelae
1029 851 1141 923 multa
1194 862 1230 920 et
1243 850 1494 943 gratulatione.
1545 848 1687 920 Dicitur
1712 850 1808 920 enim
1833 850 1965 944 scripta
1987 847 2056 922 hac
2079 878 2178 924 occa·

158 948 332 1031 &Draco
346 950 411 1031 καὶ
426 951 694 1053 dupooddsrpso,
718 968 910 1049 propterea
926 955 1025 1049 quod
1039 977 1143 1046 prae·
1192 951 1314 1036 sione,
1337 953 1435 1047 quod
1452 953 1614 1022 centurio
1638 951 1785 1046 quidam
1809 965 1958 1027 conatus
1980 954 2099 1027 fuerat
2119 982 2177 1029 ex·

157 1071 213 1131 ter
225 1059 389 1129 omnium
406 1055 615 1150 opinionem
632 1060 718 1133 Nisa
734 1058 912 1150 nupsisset
925 1056 1056 1147 Mopso
1078 1051 1143 1124 ho·
1192 1056 1325 1148 pellere
1339 1053 1530 1146 Virgilium
1548 1078 1591 1124 ex
1607 1054 1775 1146 praedio,
1801 1056 2178 1149 quodllugustusvir·

156 1158 268 1244 mini,
304 1174 346 1233 ut
371 1173 650 1233 consentaneum
680 1173 752 1245 est,
792 1160 965 1240 deformi,
1007 1169 1043 1228 et
1065 1179 1139 1229 nou
1192 1157 1278 1249 gilio
1293 1157 1509 1229 restituerat.
1558 1154 1643 1227 Ideo
1660 1169 1783 1249 pastor
1804 1157 1909 1228 initio
1932 1160 2096 1251 deplorat
2120 1187 2177 1233 ca·

156 1262 246 1333 bene
260 1262 435 1335 instructo
450 1286 471 1333 a
487 1287 528 1335 re
540 1263 733 1347 familiari,
758 1286 909 1357 eamque
930 1261 977 1331 ob
997 1282 1140 1331 eausam
1191 1260 1388 1343 laminas,
1416 1283 1507 1354 quae
1524 1258 1679 1329 existunt
1699 1284 1742 1329 ex
1763 1260 1867 1332 hellis
1880 1261 2053 1335 civilibus.
2104 1263 2177 1335 lla·

156 1364 324 1456 iudigno,
355 1377 398 1437 ut
415 1363 624 1448 videbatur,
655 1364 720 1435 tali
741 1365 903 1456 coniuge.
959 1361 1142 1453 Significat
1191 1361 1252 1432 bet
1266 1374 1385 1433 autern
1398 1362 1497 1432 locos
1513 1362 1885 1456 communesinsigues
1898 1363 2049 1459 aliquot.
2097 1364 2177 1436 Pri-

156 1478 278 1541 autem
291 1464 381 1538 haee
394 1467 497 1559 prior
511 1491 596 1559 pars
608 1466 783 1561 Eelogae,
808 1489 914 1557 saepe
935 1463 1141 1558 inaequales
1191 1489 1271 1535 mus
1292 1476 1373 1547 est,
1402 1463 1579 1558 quamsit
1600 1463 1806 1536 calamitosa
1829 1489 1885 1536 res
1905 1467 2038 1539 bellum
2060 1468 2174 1541 civile.

157 1567 286 1661 opibus
301 1582 341 1640 et
353 1569 432 1641 aliis
450 1569 556 1641 don's
576 1569 653 1661 lege
675 1569 785 1660 iugali
808 1565 996 1657 coniungi,
1027 1577 1069 1635 ut
1090 1565 1140 1634 al·
1190 1565 1381 1641 Secundus
1411 1568 1455 1637 de
1493 1565 1733 1637 inconstantia
1765 1561 2008 1639 humanarum
2042 1593 2174 1645 rerum.

156 1685 401 1765 terapersona
417 1674 480 1744 det
494 1694 628 1765 poenas
642 1673 849 1763 superbiae,
876 1691 948 1764 qua
974 1666 1140 1761 aequales
1191 1667 1354 1752 Tertius,
1395 1669 1494 1763 quod
1515 1668 1707 1761 praecipue
1728 1668 1866 1754 studia,
1904 1671 1999 1763 leges
2021 1683 2057 1741 et
2082 1685 2174 1745 artes

155 1774 338 1847 fastidiose
356 1774 579 1867 contempsit.
630 1775 732 1845 Alter
748 1767 1040 1866 (Alphesiboeus)
1058 1792 1137 1839 cum
1190 1769 1287 1862 pacis
1310 1771 1350 1841 in
1370 1770 1471 1842 bellis
1491 1770 1653 1841 civilibus
1684 1771 1948 1863 extinguantur.
2009 1772 2174 1846 Primum

155 1900 231 1947 non
246 1890 365 1968 posset
377 1876 488 1970 potiri
503 1871 696 1968 Daphnide
719 1876 877 1957 amasio,
912 1870 1070 1943 decurrit
1093 1872 1139 1941 ad
1190 1873 1300 1962 igitur
1314 1872 1417 1942 brevi
1430 1873 1527 1943 dicto
1545 1885 1582 1943 et
1595 1895 1776 1944 sarcasmo
1793 1875 1960 1947 describit
1972 1876 2122 1948 usitatas
2135 1878 2174 1948 in

155 1977 313 2073 media')
332 1979 564 2070 irregularia,
591 1990 626 2047 et
647 1976 762 2047 aDeo
781 1971 982 2069 prohibita,
1016 1971 1139 2043 videli·
1190 1973 1353 2047 civilihus
1366 1974 1554 2049 discordiis
1573 1976 1796 2073 expulsiones
1811 1976 1942 2048 civium
1960 2001 2003 2048 ex
2015 1979 2174 2070 paternis

156 2092 210 2149 cet
226 2081 272 2149 ad
286 2081 441 2172 magicas
456 2093 567 2165 artes,
594 2092 629 2150 et
645 2082 691 2149 ad
710 2078 900 2160 veneficia,
932 2074 1061 2170 quibus
1083 2073 1139 2143 vel
1189 2076 1313 2161 bonis,
1349 2077 1440 2151 sicut
1463 2101 1559 2149 nunc
1581 2102 1725 2171 quoque
1746 2078 1878 2170 passim
1901 2080 2173 2173 proscribuntur

155 2181 300 2252 unicum
329 2178 560 2274 Daphnidem
589 2185 637 2251 ad
670 2207 707 2253 se
734 2175 945 2274 pertrahere
975 2189 1139 2259 conatur,
1189 2192 1225 2250 et
1238 2179 1462 2271 expelluntur
1477 2181 1572 2252 cives
1586 2192 1734 2271 propter
1748 2181 1969 2273 religionem.
2002 2182 2172 2276 Magnam

154 2283 245 2355 sicut
259 2283 361 2356 Circe
376 2286 474 2376 apud
492 2285 690 2356 Homerum
704 2284 777 2355 suis
799 2280 936 2374 poculis
956 2280 1140 2349 dementa—
1190 2293 1309 2352 autem
1353 2278 1540 2374 emphasin
1580 2277 1687 2352 habet
1719 2283 1780 2352 illa
1809 2287 1923 2378 figura
1955 2309 2171 2358 sarcasmus:

154 2385 207 2454 vit
237 2400 435 2469 amatores,
475 2398 510 2455 et
540 2388 714 2479 quosdam
737 2385 774 2452 in
797 2406 946 2474 porcos,
986 2379 1077 2450 alios
1100 2376 1139 2445 in
1190 2380 1268 2471 (Vs.
1285 2382 1338 2479 4.)
1371 2388 1562 2455 liccem
1593 2395 1693 2467 sunt,
1733 2396 1858 2464 ueteres
1883 2392 2028 2480 migrate
2051 2390 2172 2462 colom.

153 2485 334 2581 leones⁸),
360 2485 555 2566 nonnullos
569 2486 606 2554 in
623 2482 817 2576 pantheras
832 2479 1139 2552 transformavissc
1190 2482 1373 2572 Significat
1397 2485 1493 2554 enim
1521 2480 1581 2555 hic
1612 2497 1729 2575 gestus
1761 2489 1912 2579 superbe
1943 2491 2174 2562 insultantem

154 2586 297 2657 dieitur.
349 2586 527 2660 Narratur
539 2589 585 2658 de
601 2585 784 2681 Cypriane
798 2583 980 2676 Martyre,
1007 2591 1043 2650 et
1054 2576 1140 2669 Epi·
1190 2582 1364 2654 victorem
1378 2586 1491 2658 victis.
1542 2588 1725 2660 Secundus
1742 2587 1860 2674 locus,
1885 2594 1983 2686 quod
2000 2593 2174 2684 respubli-

155 2704 265 2783 scopo
280 2685 572 2780 Carthaginensi,
599 2691 696 2785 quod
721 2701 803 2758 ante
825 2681 968 2780 suam¹)
992 2702 1142 2752 convcr-
1191 2709 1252 2754 cae
1270 2681 1426 2755 habeant
1439 2687 1563 2757 fatales
1579 2688 1837 2764 vicissitudines
1855 2706 1891 2763 et
1907 2718 2053 2786 poenas.
2087 2692 2175 2767 ldro

155 2792 293 2862 sionem
312 2791 358 2861 ad
372 2786 574 2874 Christum,
598 2791 866 2881 iueritMagus,
898 2799 935 2857 et
957 2785 1141 2878 quandam
1192 2789 1259 2856 ait:
1301 2786 1378 2879 (Vs.
1395 2784 1448 2880 5.)
1474 2794 1576 2860 Nunc
1599 2792 1680 2860 vieti
1701 2796 1839 2877 tristes,
1878 2803 2036 2890 quoniam
2060 2796 2176 2884 sors')

155 2892 312 2986 puellam
333 2891 478 2983 magieis
495 2894 631 2965 artibus
649 2895 695 2964 ad
718 2917 756 2964 se
777 2890 969 2962 transferre
991 2895 1141 2955 consors
1191 2893 1304 2960 omnia
1326 2901 1449 2960 uersat.
1515 2890 1659 2960 Tertius
1689 2889 1807 2974 locus,
1849 2918 1955 2988 quem
1977 2898 2104 2968 tribuit
2125 2900 2176 2968 al·

155 2995 223 3079 sit,
271 2994 428 3087 puellam
455 3019 542 3065 vero
569 3021 646 3066 non
677 2993 835 3088 potuisse
865 2989 960 3061 vinei
982 2985 1140 3058 carmine
1192 2990 1258 3060 teri
1283 2992 1441 3081 pastori,
1476 2995 1575 3086 quod
1597 2992 1689 3061 bella
1711 2993 1828 3063 civilia
1845 2996 2001 3067 maxime
2021 3013 2176 3070 noceant

157 3097 317 3188 magico,
346 3109 535 3189 propterea
559 3099 658 3194 quod
680 3099 879 3167 invocasset
891 3092 1047 3162 Mariam
1059 3086 1141 3158 Vir·
1191 3092 1336 3178 litteris,
1367 3092 1596 3187 disciplinae,
1628 3093 1785 3186 legibus,
1823 3109 1859 3167 et
1877 3098 2053 3172 similibus
2079 3102 2176 3192 pacis

158 3200 289 3291 ginem.
340 3196 419 3272 Etsi
435 3212 555 3271 autem
579 3200 759 3293 posterior
780 3221 864 3290 pars
887 3190 994 3266 huius
1017 3212 1142 3263 narra·
1193 3195 1348 3280 artibus,
1394 3210 1429 3266 et
1461 3197 1616 3267 efficiant
1649 3197 1852 3268 barbariem
1886 3225 1929 3270 ac
1954 3201 2176 3275 'vastitatem

158 3302 286 3385 tionis,
312 3303 357 3373 de
372 3301 601 3373 invocatione
615 3301 773 3385 Mariae,
807 3301 852 3370 ab
873 3298 994 3392 aliquo
1018 3316 1141 3386 super·
1191 3294 1275 3369 ldeo
1297 3297 1398 3369 dicit:
1441 3297 1536 3394 (Vas.
1554 3299 1747 3397 11-13.)
1773 3305 1844 3373 sea
1867 3308 2024 3376 carmina
2044 3314 2176 3379 tom

156 3404 299 3477 stitioso
311 3399 489 3475 monacho
510 3405 591 3476 freta
615 3417 668 3476 est
688 3406 733 3474 ad
755 3400 1002 3475 stabiliendam
1027 3396 1142 3466 idolo·
1192 3405 1319 3472 Nostra
1338 3404 1467 3487 mens,
1493 3406 1645 3496 Lycida,
1677 3406 1745 3476 eta
1768 3409 1862 3477 intes·
1880 3409 2036 3490 Martio,
2069 3432 2178 3503 quas·

157 3507 301 3578 latriam
324 3507 563 3580 invocationis
586 3520 832 3579 mortuorum:
873 3517 995 3574 tamen
1027 3497 1142 3592 priori
1191 3513 1263 3573 tasi
1277 3505 1447 3576 Chaonios
1461 3510 1579 3577 dieunt
1592 3507 1709 3600 aquilo
1720 3510 1872 3578 senense
1886 3510 2064 3580 colanias.
2104 3510 2179 3582 Sic·

159 3609 255 3699 parti
270 3633 344 3679 non
361 3609 510 3680 omnino
526 3612 612 3684 fides
629 3610 835 3701 deroganda
851 3620 915 3679 est.
972 3602 1024 3674 Ut
1045 3599 1142 3672 enim
1193 3616 1234 3693 ut
1261 3603 1439 3695 Ennius⁸)
1468 3608 1534 3676 ait:
1574 3606 1764 3700 Pellitur⁹)
1792 3630 1812 3675 e
1841 3608 1961 3676 medio
1991 3610 2178 3700 sapientis,

160 3735 203 3780 ex
228 3712 343 3783 Paulo
373 3724 599 3802 persecutore
630 3725 712 3805 post
735 3708 1003 3781 conversionem
1029 3704 1144 3771 factus
1194 3705 1232 3771 vi
1247 3706 1382 3794 geritur
1396 3729 1467 3774 res.
1516 3705 1565 3774 Et
1581 3705 1668 3774 illud
1678 3704 1744 3796 ¹⁰):
1770 3706 1886 3777 Sileni
1898 3708 1992 3800 leges
2004 3710 2099 3782 inter
2121 3736 2178 3784 u.

160 3825 214 3883 est
224 3812 417 3900 Apostolus
432 3814 613 3903 gentium,
639 3827 675 3884 et
691 3834 863 3904 organum
880 3806 949 3877 Dei
975 3805 1143 3875 electum:
1194 3828 1266 3874 ma.
1316 3804 1364 3874 Et
1380 3802 1606 3901 Ovidius¹¹):
1638 3804 1816 3899 Victaque
1837 3811 1993 3902 pugnaci
2010 3810 2091 3885 iura
2112 3817 2178 3888 sub

160 3913 213 3982 ita
234 3911 314 3981 fieri
335 3923 473 4004 potest,
508 3927 548 3984 ut
571 3938 614 3985 ex
634 3937 742 4005 mago
760 3910 941 4006 Cypriauo
963 3907 1075 3977 factus
1100 3901 1146 3973 sit
1195 3930 1278 3976 ense
1294 3907 1473 4000 lateut¹¹).
1525 3908 1625 3978 Sicut
1644 3906 1935 4001 necl’ompeius‚
1967 3936 2035 3984 nee
2048 3896 2210 3989 caess*

162 4012 379 4085 clarissimus
393 4010 593 4107 Episcopus
609 4029 644 4085 et
657 4015 800 4107 Martyr
815 4009 1049 4092 fortissimus,
1082 4004 1145 4100 qui
1194 4010 1288 4101 leges
1305 4024 1368 4082 aut
1381 4009 1528 4080 consilia
1543 4010 1743 4096 bonorum,
1775 4024 1817 4083 ut
1833 4011 2014 4088 Ciceronis
2034 4029 2070 4087 et
2091 4018 2180 4089 alio-

163 4114 310 4187 reeitata
351 4115 527 4186 sententia
568 4112 878 4187 condemnationis
919 4107 1010 4183 nihil
1047 4106 1145 4179 aliud
1195 4136 1297 4197 rum,
1339 4112 1543 4184 audiebant.
1610 4112 1660 4181 lli
1689 4112 1761 4183 loci
1781 4137 1990 4191 communes
2011 4133 2095 4191 suut
2117 4121 2180 4192 ob-

163 4217 274 4303 dirit,
298 4215 453 4290 nisihoc
472 4242 602 4290 unum:
627 4221 707 4311 Ago
729 4219 795 4289 tibi
814 4216 967 4310 gratias,
999 4238 1022 4284 o
1037 4211 1146 4293 Deus,
1196 4215 1383 4299 servandi,
1423 4215 1507 4309 quia
1535 4228 1686 4286 monent
1704 4215 1874 4288 lectorem
1897 4221 1941 4289 de
1963 4222 2102 4314 magnis
2124 4246 2180 4294 re-

165 4322 264 4416 quod
281 4345 338 4392 me
356 4321 564 4414 participem
587 4322 713 4393 feceris
733 4342 892 4392 summae
914 4329 950 4389 et
969 4313 1146 4385 maximae
1196 4320 1282 4402 bus,
1308 4320 1353 4388 de
1368 4317 1547 4409 fugiendis
1571 4331 1607 4389 et
1628 4318 1795 4415 cavendis
1816 4320 1919 4395 bellis
1939 4334 1975 4393 et
1995 4324 2181 4399 discordiis

166 4423 321 4515 gloriae,
345 4418 611 4517 Prophetarum
633 4437 669 4495 et
682 4423 939 4516 Apostolorum
961 4432 996 4489 et
1010 4397 1175 4512 Many-l
1762 4432 1775 4445 ”

165 4546 259 4599 rum.
324 4525 450 4620 Neque
478 4549 565 4597 vero
592 4526 827 4619 posteriorem
858 4519 965 4596 huius
986 4517 1160 4613 ‚Eclogae

166 4640 306 4720 partem
327 4628 533 4722 scrupulose
541 4628 574 4723 ⁸)
596 4650 872 4723 persequamur,
906 4649 987 4696 eum
1000 4621 1070 4693 Dei
1087 4618 1149 4688 be-

1262 590 1595 684 Argumentum
1622 591 1667 660 in
1692 616 1858 662 nonam
1881 590 2107 686 Eelogam.

1202 4495 1402 4507 *σ--ο-ι

1233 4605 1264 4660 6)
1283 4601 1370 4669 votis]
1390 4602 1430 4654 alc
1448 4603 1499 4656 Ed.
1519 4603 1615 4668 iiior
1638 4596 1780 4659 11188.
1796 4608 1879 4671 votor
1903 4609 1953 4659 Ed.
1968 4608 2043 4660 1591.
2062 4612 2135 4662 voto.

167 4731 296 4801 nebcio
319 4754 363 4800 ex
385 4755 472 4822 agro
499 4742 607 4825 atque
630 4730 761 4801 finibus
780 4726 957 4797 Ecclesiae
985 4720 1149 4795 extermi·
1233 4687 1864 4825 ⁷›Jffi⁸ffiff⁶,ff}g¹ff⁶ffi>3¹⁵aeggm
1880 4694 2039 4812 '5322
2050 4695 2181 4827 0253}

168 4842 254 4899 nata
271 4831 317 4901 sit
331 4833 470 4924 magia,
499 4833 597 4904 euius
623 4831 802 4923 ignoratio
824 4829 943 4898 maior
967 4839 1020 4899 est
1040 4847 1149 4920 quam
1267 4827 1355 4881 rm.
1389 4825 1461 4877 vioe
1477 4826 1538 4878 ⁶¹¹¹·
1554 4830 1648 4880 amoc.
1667 4828 1731 4884 ⁰¹¹¹»
1748 4829 1784 4881 Μ
1803 4830 1867 4883 Μ

169 4929 327 5003 scientia.
1234 4909 1266 4977 a)
1284 4912 1355 4962 ran.
1370 4911 1471 4963 anast
1488 4912 1508 4961 1.
1522 4912 1593 4963 vru.

1236 4996 1268 5059 0)
1285 4996 1416 5055 Pellitur]
1433 4996 1476 5048 sio
1494 4997 1577 5048 rota.
1590 4999 1683 5065 assa,
1703 4997 1796 5060 tm,
1815 4997 1907 5061 15915
1937 4996 1967 5049 in
1983 4998 2066 5050 lunii
2082 4998 2181 5067 itan.

162 5106 375 5123 ,.............
1271 5066 1306 5117 ab
1324 5064 1436 5117 litator.
1454 5064 1588 5117 Colum
1604 5067 1729 5128 conquir.
1748 5064 1856 5116 recuals
1878 5076 1971 5120 soror.
1989 5070 2036 5119 rr.
2055 5068 2182 5123 nuntio

1273 5135 1404 5196 (anstai.
1423 5133 1497 5186 1701.
1516 5130 1556 5195 t.)
1574 5147 1600 5196 p.
1612 5132 1656 5184 π.
1675 5133 1704 5183 tn
1721 5135 1801 5185 textu
1816 5135 1936 5200 legitur:
1962 5136 2088 5189 tollitur.
2124 5130 2127 5135 ’

204 5213 237 5274 ²)
255 5211 359 5275 nasu]
378 5214 418 5265 uc
435 5214 486 5264 Eo·
500 5212 593 5275 tow-s
617 5214 669 5265 rt·
684 5213 759 5263 toto·
778 5210 874 5262 neoto
892 5211 1020 5272 tartaro
1037 5205 1135 5260 nuta
1239 5222 1287 5282 ιο)
1303 5219 1361 5274 ou.
1379 5220 1451 5270 orsi.
1469 5230 1520 5282 pro
1536 5216 1640 5269 aaron·
1657 5221 1692 5284 s,
1711 5218 1751 5269 ιο.

203 5300 237 5360 a)
255 5299 367 5361 tsooss]
386 5299 428 5349 sto
446 5299 494 5348 rs.
512 5298 604 5359 ime
627 5298 676 5349 aa.
692 5296 769 5351 toto.
786 5296 871 5346 nete:
896 5293 994 5346 tsouts.
1238 5308 1287 5367 ῃ)
1305 5304 1384 5360 ovis„
1402 5302 1486 5354 rme,
1505 5302 1549 5362 v,
1564 5300 1592 5366 7,
1609 5303 1652 5354 aa

204 5378 236 5449 4)
253 5385 319 5435 sats
335 5377 428 5447 scau]
446 5378 490 5430 sto
504 5378 557 5433 ld.
569 5377 644 5432 tm
653 5394 663 5444 s
685 5377 737 5431 η
752 5376 827 5429 tm
846 5378 912 5429 ants
927 5375 963 5427 ad
981 5386 1067 5429 sun.
1241 5389 1288 5456 ιι)
1305 5389 1411 5448 ιιιοιο]
1429 5387 1472 5439 sto
1487 5386 1573 5438 rust
1587 5388 1679 5453 tito,
1698 5389 1789 5454 tosa,
1809 5389 1903 5455 tm,
1930 5390 2015 5445 Batti,
2033 5389 2138 5455 sipont,
2157 5342 2198 5441 ιο

200 5466 238 5537 Β)
256 5462 432 5536 scrupulose]
450 5465 494 5516 sto
511 5464 562 5516 rt.
577 5463 671 5529 lma
692 5464 743 5516 ld.
758 5461 833 5516 lm
852 5462 1006 5527 sperum.
1272 5454 1485 5511 moseum
1506 5455 1608 5512 huss.
