4762 6008
92 208 141 278 st
237 309 246 317 .
431 200 601 276 LXXVII.
663 201 1059 277 lN'l'EliPRETA'l'lO
1091 199 1473 278 SENTENTIARUM
1506 199 1811 275 THEOGNIDIS.
2078 208 2127 281 88

194 374 361 457 Rectius,
386 383 548 466 oportet
572 373 739 467 quidem,
782 375 919 468 Cyrne,
965 376 1084 446 obser·
1133 375 1208 446 840
1235 375 1361 470 Neque
1384 374 1575 469 quicquam
1597 395 1673 441 non
1698 389 1844 465 potare,
1879 400 1995 472 neque
2019 380 2126 452 nimis

497 488 642 545 vantem
660 500 745 561 esse,
1543 473 1726 546 inebriari.

144 579 297 650 Cuiuam
315 584 354 649 ia
366 573 533 671 Pythone
548 575 647 648 Dens
660 580 881 670 respondens
893 579 1072 649 sacerdoti
1183 578 1316 648 Vinum
1333 573 1422 645 mihi
1439 581 1477 645 in
1493 576 1639 669 reliquis
1654 577 1800 669 quidem
1822 577 1957 667 placet,
1990 588 2028 652 in
2052 608 2124 654 una

195 679 419 751 varietatum.
428 680 678 771 significaverit
692 681 818 771 pingui
833 704 875 750 ex
893 682 1014 773 adyto.
1552 689 1670 745 eutem
1687 703 1726 748 re
1742 678 1922 769 displicet,

144 780 268 876 Neque
280 783 471 876 quicquam
490 781 587 851 enirn
601 782 754 865 addens,
779 782 925 853 ‘nullum
948 782 1083 873 poteris
1236 780 1391 872 Quando
1415 779 1543 849 seilicet
1564 801 1709 851 ιιιιιιιιι
1733 804 1811 863 me,
1850 783 1969 852 virum
1998 800 2122 857 contra

353 926 359 931 ·
392 924 395 929 ·
459 887 669 977 quodquam
684 886 884 954 remedium
902 883 1082 967 invenire,
1542 879 1729 950 inimicum
1746 882 1830 972 agit.

93 982 168 1052 810
192 981 317 1077 Neque
331 985 524 1067 auferens,
543 1009 564 1052 a
579 982 660 1055 Diis
676 1008 835 1055 errorem
851 987 1050 1076 profugere.
1183 981 1253 1052 Sed
1271 984 1416 1076 quando
1430 1004 1539 1072 supra
1556 982 1727 1067 existens,
1755 984 1847 1051 infra
1864 985 1929 1069 sit,

140 1082 231 1152 Rem
247 1107 372 1174 passus
388 1110 466 1156 sum
484 1086 624 1155 morte
612 1086 750 1155 mimic1
739 1083 852 1156 nihil
862 1087 1081 1170 inferiorem,
1236 1084 1359 1155 Toties
1373 1084 1550 1154 domum'
1539 1108 1632 1154 rmus
1646 1087 1811 1156 sedantes
1825 1099 1963 1176 potum.

189 1184 262 1255 Sed
280 1188 435 1257 aliarum
461 1187 623 1256 omnium
647 1212 778 1273 emm,
802 1190 944 1282 Cyrae,
971 1190 1081 1301 mole·
1133 1183 1208 1258 845
1233 1186 1332 1256 Bene
1355 1187 1500 1280 quidem
1523 1187 1756 1267 constitutum
1781 1187 1897 1257 virum
1919 1190 2013 1260 mele
2040 1216 2122 1265 con-

500 1287 737 1360 lestissimam.
1537 1287 1684 1357 stituere
1699 1288 1802 1356 facile
1818 1300 1887 1368 est;

143 1385 203 1456 hle
227 1387 333 1459 amici
354 1388 607 1481 prodideruuts
637 1415 704 1480 ego
728 1413 813 1461 vero
836 1390 1001 1462 inimicos
1024 1416 1080 1461 ac·
1231 1388 1349 1458 Bene
1345 1413 1440 1458 vero
1463 1387 1696 1471 constituere,
1728 1393 1815 1481 quod
1835 1389 1930 1458 male
1950 1396 2121 1468 constitu-

167 1484 171 1491 ’
500 1492 646 1575 cedens,
1539 1500 1615 1559 tum
1631 1501 1700 1573 ιιι,
1726 1489 1866 1559 difficile
1882 1501 1941 1561 est.

192 1586 330 1659 Videbo
365 1604 400 1659 et
433 1614 579 1675 eorum,
626 1616 877 1687 quamcunque
910 1590 1079 1678 habeant,
1183 1592 1346 1662 Calcibus
1360 1593 1492 1662 insulta
1513 1591 1649 1683 populo
1671 1593 1791 1674 fatuo,
1819 1605 2037 1689 percuteque
2058 1600 2120 1668 sti-

501 1706 670 1765 mentem.
1541 1692 1639 1762 mulo

90 1784 165 1860 815
190 1789 263 1860 Bos
277 1787 367 1862 mihi
383 1794 421 1861 iu
434 1796 555 1885 lingua
570 1797 657 1865 forti
670 1797 760 1886 pede
784 1797 1000 1867 calcitrando
1018 1798 1078 1883 in·
1232 1792 1367 1876 Acuto,
1395 1805 1430 1862 et
1445 1794 1568 1883 iugum
1586 1816 1694 1884 grave
1710 1793 1957 1885 circumpone;

77 1892 80 1897 ’
491 1898 635 1981 siliens,
1181 1895 1264 1965 Non
1287 1896 1386 1965 enim
1411 1918 1573 1989 unquam
1593 1894 1753 1966 invenies
1775 1898 1949 1987 populum
1983 1902 2121 1973 domini

168 1989 364 2065 Prohibet
375 2020 531 2087 garrire
555 2000 671 2069 etiam
676 1999 859 2070 scientem.
1540 1998 1740 2067 studiosum
1756 2000 1867 2081 adeo,

125 2094 280 2188 Cycne,
306 2110 428 2169 tamen
443 2102 1078 2196 mro,quodistumeatpat1non
1131 2092 1205 2168 850
1231 2097 1428 2167 Hominum
1446 2111 1625 2191 quotquot
1640 2100 1694 2169 sol
1710 2099 1871 2189 adspicit.

493 2203 577 2272 licet
594 2205 766 2294 effugere;
1178 2198 1312 2292 lupiter
1341 2203 1459 2271 virum
1481 2202 1609 2292 perdat
1639 2201 1816 2284 coelestis,
1858 2201 1919 2294 qui
1941 2228 2038 2277 suum
2063 2178 2120 2279 su·

190 2299 300 2392 Quod
314 2325 399 2375 vero
413 2303 527 2373 iattun
540 2316 592 2375 ιιι
605 2306 701 2396 pati,
726 2328 802 2372 non
815 2303 925 2371 timeo
941 2307 1029 2393 pati.
1545 2302 1661 2370 dalem

139 2399 181 2469 ln
196 2402 301 2470 valde
313 2404 444 2471 durum
460 2404 596 2470 malum
613 2405 794 2481 venimus,
819 2402 880 2468 ubi
894 2406 1068 2486 maxime,
1231 2401 1356 2470 Mollia
1373 2402 1533 2492 garriens
1547 2404 1670 2473 fallere
1687 2403 1773 2473 vult.

90 2504 166 2577 820
193 2501 330 2590 Cyrne,
355 2500 479 2571 ambos
494 2503 608 2571 fatum
625 2501 795 2592 corripiat
810 2499 948 2570 mortis.
1182 2500 1312 2568 Suavia
1343 2503 1488 2593 quidem
1520 2517 1555 2574 ιι
1584 2506 1704 2596 prius,
1740 2505 1802 2574 sed
1831 2503 1946 2573 multo
1968 2510 2119 2584 meliora

142 2600 217 2694 Qui
233 2623 320 2669 vero
335 2614 555 2671 senescentes
571 2613 806 2670 contemnunt
820 2613 1005 2691 parentes,
1548 2631 1655 2698 quam
1675 2629 1789 2675 nunc:
1945 2622 1948 2627 ’

190 2700 331 2770 Horum
348 2703 493 2795 quidem
507 2704 628 2786 locus,
654 2702 793 2796 Cycne,
819 2704 979 2775 modicus
996 2719 1058 2775 est.
1234 2702 1463 2793 Quapropter
1479 2704 1653 2792 improbis
1668 2707 1766 2775 nulla
1784 2713 1836 2775 est
1849 2707 1977 2793 gratia.

137 2801 264 2897 Neque
283 2827 502 2898 quemquern
522 2804 653 2874 adiuva
672 2816 891 2897 tyrannum,
930 2807 995 2877 suh
1018 2831 1078 2898 spe
1131 2795 1206 2873 855
1231 2802 1344 2893 Saepe
1361 2798 1586 2874 civitashaec
1600 2818 1856 2896 perrecturum
1872 2809 2088 2900 nequitiam,

501 2907 593 2977 lucri
608 2930 702 2989 esse,
1233 2902 1340 2973 Velut
1354 2904 1455 2972 navis
1471 2904 1663 2988 inclinata,
1689 2909 1734 2975 ad
1752 2919 1884 2974 terram
1903 2914 2069 2985 cucurrit.

191 3006 319 3100 Neque
337 3007 475 3090 occide,
501 3006 663 3078 Deorum
679 3007 852 3079 foedera
839 3007 967 3079 miens.
1182 3003 1391 3076 Amicorum
1411 3026 1498 3074 vero
1521 3005 1552 3075 si
1575 3008 1718 3099 quidem
1740 3006 1820 3100 quis
1842 3005 1941 3077 videt
1968 3034 2026 3081 me
2057 3017 2120 3086 ali·

92 3103 167 3182 825
193 3108 387 3200 Quomodo
405 3108 508 3180 nobis
522 3098 689 3181 sustinuit
703 3112 769 3180 sub
784 3109 927 3178 tibicine
942 3133 1067 3179 canere
1541 3110 1627 3200 quid
1644 3109 1783 3180 adversi
1797 3103 2009 3196 habentem,

189 3211 362 3295 Animus,
387 3223 505 3281 terrae
525 3237 609 3283 vero
625 3236 687 3282 rex
701 3224 851 3331 apparet
866 3235 908 3279 ex
923 3214 1016 3296 foro,
1235 3208 1417 3278 Cervicem
1432 3221 1615 3292 avertens,
1642 3234 1759 3304 neque
1773 3210 1895 3280 videre
1908 3212 1997 3286 vult.

144 3309 244 3402 Quae
258 3314 372 3383 nutrit
384 3314 563 3404 frugibus
590 3338 628 3383 ιιι
641 3338 813 3384 convivus
829 3326 1023 3403 gestantes,
1183 3309 1220 3378 Si
1241 3335 1327 3381 vero
1351 3311 1535 3404 quidpiam
1558 3263 1648 3380 mihi
1670 3313 1834 3383 alicunde
1856 3313 1963 3398 boni,
2001 3319 2120 3410 qualia

192 3412 385 3509 Fnlvisque
402 3418 513 3487 comis
527 3440 725 3508 purpureas
741 3439 903 3486 coronas.
1536 3436 1641 3503 saepe
1658 3416 1870 3532 contingunt
1885 3417 1985 3498 viro,

141 3513 276 3588 Verum
297 3542 361 3609 nge
379 3519 542 3612 quidem,
578 3514 760 3612 oScytha,
794 3520 902 3586 tonde
929 3538 1080 3598 comam,
1132 3512 1208 3584 860
1234 3513 1366 3583 Multas
1384 3510 1616 3584 salutationes
1642 3530 1677 3585 et
1704 3516 1879 3585 amicitias
1903 3513 2033 3588 haheo.

503 3623 587 3691 seda
601 3619 913 3703 comessationem
1182 3613 1298 3685 Amici
1320 3641 1378 3683 me
1403 3618 1580 3705 produnt,
1614 3631 1650 3686 et
1674 3643 1749 3688 uon
1778 3618 1904 3687 volunt
1931 3618 2123 3713 quiequam

90 3717 168 3788 830
192 3715 292 3809 Luge
308 3744 393 3791 vero
407 3740 517 3792 suave
533 3725 688 3792 olentem
708 3724 826 3791 locum
843 3730 1062 3812 pereuntem.
1542 3719 1629 3785 dare

141 3818 289 3886 Fiducia
307 3846 392 3912 opes
404 3824 559 3913 perdidi,
579 3824 774 3894 diffidentia
791 3834 910 3889 autem
925 3815 1081 3893 servavi,
1234 3810 1330 3881 Viris
1347 3815 1618 3905 apparentibus3
1644 3818 1706 3886 sed
1722 3840 1788 3907 ego
1802 3817 1987 3902 ultronea,

197 3915 395 3988 Consilium
411 3946 498 3988 vero
515 3925 659 3990 difficile
672 3937 726 3990 est
744 3923 945 3989 amborum.
1183 3913 1419 4006 Serotinaque
1443 3917 1625 4007 egredior,
1667 3929 1704 3987 et
1722 3920 1898 3989 matutina
1921 3944 2044 3993 rursus
2068 3923 2122 3993 in·

143 4016 280 4088 Omnia
296 4019 358 4088 illa
372 4019 410 4089 in
426 4021 542 4090 corvis
560 4022 645 4090 etin
661 4021 890 4111 corruptione
904 4028 993 4102 ιιιιι,
1020 4039 1080 4084 ne·
1537 4018 1701 4109 gredior,

505 4145 576 4213 qne
593 4125 673 4214 quis
688 4123 792 4191 nobis
1235 4116 1326 4189 Cum
1341 4116 1516 4206 gallorum
1535 4143 1604 4188 vox
1619 4125 1759 4191 auditur
1775 4125 2103 4212 expergiscentium.

194 4221 310 4292 Autor
334 4222 614 4306 immortalium,
646 4222 783 4316 Cycne,
814 4221 974 4292 Deorum
999 4223 1081 4290 bea·
1134 4215 1207 4291 865
1233 4219 1357 4289 Multis
1369 4220 1554 4291 inutilibus
1569 4219 1667 4291 Deus
1679 4224 1743 4291 dat
1754 4223 1841 4294 viris
1856 4225 1999 4296 divitias

356 4334 362 4383 ι
508 4337 650 4409 torum,
1231 4320 1373 4407 Bonas,
1399 4323 1462 4417 qui
1474 4347 1589 4417 neque
1607 4324 1676 4393 sihi
1695 4326 1821 4395 melior
1836 4327 2027 4420 quicquam
2049 4326 2121 4396 exi·

93 4420 170 4497 885
194 4425 265 4497 Sed
278 4427 440 4496 virorum
456 4426 521 4512 vis,
538 4441 574 4497 et
588 4429 687 4498 lucra
702 4425 813 4495 multa
822 4422 884 4514 ⁰⁸),
901 4436 935 4493 et
948 4422 1079 4492 iniuria
1553 4438 1670 4509 stens,

195 4528 319 4600 Multis
334 4553 376 4598 ex
391 4529 496 4599 bonis
510 4529 548 4597 in
562 4528 799 4599 calamitatem
816 4526 1001 4617 protrusit.
1181 4524 1305 4619 Neque
1336 4527 1476 4605 amicis;
1519 4526 1661 4597 virtutis
1691 4541 1812 4598 autem
1843 4553 1971 4620 magna
2006 4529 2119 4619 gloria

143 4627 246 4700 Duae
262 4654 348 4701 sane
361 4642 444 4703 ιιιιιι
457 4643 563 4722 potus
578 4643 689 4701 sortes
701 4630 840 4699 miseris
855 4627 1080 4696 mortalibus:
1539 4651 1723 4722 nunqnam
1743 4630 1892 4720 peribit,

199 4731 279 4802 Sitis
301 4735 462 4804 membra
481 4734 681 4816 resolvens,
721 4743 755 4800 et
784 4729 975 4799 inebriatio
1004 4752 1081 4796 mo·
1233 4727 1393 4798 Bellator
1423 4728 1519 4799 enim
1551 4731 1606 4799 vir
1635 4743 1767 4817 terram
1788 4746 1823 4800 et
1847 4728 2026 4823 urhemffll
2043 4754 2121 4821 ‘ser-

502 4836 602 4905 lesta.
1542 4832 1691 4903 vorarit.

145 4929 290 5002 Horum
303 4958 387 5007 vero
400 4960 465 5027 per
479 4936 637 5009 medinm
653 4936 837 5007 versabor:
861 4956 977 5026 neque
992 4926 1082 5002 mihi
1184 4927 1224 4997 ln
1250 4940 1307 5000 r'ne
1329 4928 1457 5001 deinde
1479 4936 1583 5003 cadat
1614 4953 1782 5024 magnum
1810 4928 1969 5013 coelum,
2005 4928 2121 5002 latum

504 5038 754 5131 persuadebis,
1537 5052 1709 5124 superne,

125 5294 177 5361 88)
195 5299 297 5359 nette]
316 5299 357 5351 sto
378 5293 691 5366 (ειιιιιωιιιιιιι)
714 5295 798 5347 rute.
812 5294 1022 5361 1881-·1878.,
1056 5295 1084 5344 ιιι
1167 5292 1218 5352 88)
1234 5290 1345 5349 urben]
1366 5289 1474 5347 elota·
1489 5286 1611 5353 mogh.
1625 5281 1713 5355 dore)
1728 5286 1816 5341 estu
1831 5284 2042 5355 1881-1878,
2071 5288 2120 5343 ld·

163 5367 215 5421 ιιι.
232 5368 309 5420 stet.
332 5369 421 5421 ιιιιι.
1015 5378 1018 5383 ·
1206 5360 1284 5414 1881.
1302 5358 1404 5409 ιιιιιι.
1553 5421 1615 5496 v
