4762 6008
178 290 255 367 sos
461 224 466 239 “
584 286 740 365 suin
796 286 1196 366 nruneaurauo
1222 286 1560 382 ,oursmouun
1590 283 1799 360 emnam
2131 292 2207 368 210

176 457 338 545 habitat,
365 473 400 530 et
422 484 565 533 sorores
587 462 679 534 eius:
707 459 866 548 lustitia,
892 466 1165 534 fundamentum
1219 472 1291 544 est,
1318 463 1432 532 donec
1455 461 1487 529 ei
1503 460 1622 531 Pallas
1637 483 1788 530 aureum
1805 460 1948 531 henum
1969 460 2099 531 attulit.
2150 460 2204 533 lbi

175 565 340 646 urbium,
372 575 407 632 et
427 587 574 634 concors
589 565 686 647 Pax,
719 566 813 634 filiae
832 562 1041 648 Themidis,
1072 587 1164 658 quae
1218 587 1261 632 ex
1274 563 1417 633 somnio
1431 563 1552 633 statim
1568 587 1625 633 res
1642 562 1719 655 ipsa
1737 574 1880 654 praesto
1899 562 1979 633 luit.
2038 562 2205 656 Compel-

176 679 259 737 sunt
275 667 439 736 custodes
455 690 583 758 opum:
611 667 713 760 (Aut.
729 665 778 762 1.)
805 692 898 762 quae
914 666 1085 739 iniuriam
1100 690 1164 735 vo-
1216 665 1304 735 lavit
1318 679 1438 736 autem
1460 690 1541 737 eum
1557 664 1693 735 Pallas:
1719 662 1867 735 Dormis
1881 654 2203 756 Bellerophontes?

175 770 255 838 lunt
268 791 410 851 arcere,
436 782 587 859 matrem
601 771 723 839 fastus.
1216 767 1335 858 accipe
1367 763 1438 837 hoc
1468 781 1632 862 equestre
1662 779 1934 851 ornamentum,
1967 779 2002 835 et
2026 780 2202 840 monstres

276 869 401 939 Habeo
419 865 590 955 honesta,
616 895 707 964 quae
723 872 861 955 dicam,
888 884 923 942 et
939 882 1048 941 recta.
1089 871 1164 943 Au·
1214 867 1384 961 Neptuno
1413 871 1586 940 domitori
1616 893 1812 964 equorum,
1852 879 2012 939 mactans
2045 882 2201 943 tarnum.

176 970 276 1039 dacia
291 972 417 1042 incitat
440 996 518 1057 me,
550 986 592 1043 ut
614 997 655 1041 ea
677 974 808 1046 dicam.
866 970 1089 1068 Impossibile
1111 984 1164 1042 est
1215 968 1309 1066 (Str.
1331 969 1384 1066 4.)
1411 972 1508 1042 llaec
1530 972 1648 1042 dicere
1672 972 1707 1041 ei
1728 971 1924 1040 dormienti
1947 984 2057 1043 noctu
2080 971 2200 1045 Pallas

175 1072 352 1143 occultare
367 1073 564 1165 ingenitam
580 1087 761 1147 naturam.
812 1075 943 1160 Vobis,
968 1069 1161 1159 Corinthii,
1214 1075 1290 1143 visa
1307 1087 1369 1144 est.
1420 1074 1576 1146 Exiliens
1591 1074 1700 1166 igitur
1714 1085 1812 1142 recto
1829 1074 1939 1164 pede,
1966 1086 2002 1141 et
2024 1073 2199 1165 accipiens

173 1176 488 1266 saepe.victoriam
518 1179 697 1248 dederunt
717 1176 856 1262 Horae,
899 1204 979 1250 cum
1007 1179 1161 1248 victores
1213 1199 1327 1268 prope
1348 1176 1505 1268 positum
1534 1177 1696 1269 signum,
1736 1187 1856 1246 vatem
1880 1174 1970 1245 adiit
1990 1174 2198 1268 indigenam

172 1277 316 1348 luerunt
341 1303 423 1348 cum
447 1304 587 1350 summa
613 1278 743 1349 virtute
766 1283 804 1349 in
828 1283 937 1352 sacris
958 1268 1160 1350 certamini·
1212 1276 1425 1370 Polyidum,
1452 1280 1619 1350 et'totum
1640 1290 1808 1348 eventum
1832 1277 1865 1347 ei
1887 1277 2064 1348 narravit:
2100 1281 2199 1372 quod

172 1378 258 1462 bus,
299 1383 381 1473 (Bp.
399 1380 449 1475 1.)
476 1394 512 1450 et
535 1405 702 1473 maguam
722 1384 907 1478 antiquam
933 1382 1159 1475 sapientiam.
1213 1381 1376 1450 adaram
1391 1380 1490 1450 Deae
1516 1379 1728 1451 dormiverit
1749 1379 1826 1471 ipso
1846 1379 2009 1462 iubente,
2042 1392 2078 1450 ct
2099 1381 2197 1474 quod

170 1480 299 1550 Gloria
315 1495 434 1551 autem
451 1483 570 1575 operis
584 1496 637 1553 est
653 1507 761 1575 penes
778 1487 1016 1556 inventorem.
1052 1483 1158 1554 Unde
1211 1482 1331 1553 Pallas
1357 1483 1391 1552 ei
1412 1484 1550 1553 dederit
1575 1481 1673 1577 (Ant.
1690 1480 1742 1574 4.)
1756 1506 1905 1553 aureum
1922 1482 2077 1552 frenum.
2129 1480 2196 1550 Hic

171 1598 420 1673 apparuerunt
445 1581 579 1654 Bacchi
603 1580 785 1672 Charites,
818 1612 899 1657 cum
915 1584 1157 1679 Dithyrambo
1211 1583 1331 1669 iussit,
1357 1597 1398 1656 ut
1415 1586 1598 1656 celerrime
1621 1584 1762 1656 somnio
1785 1586 2024 1674 obtemperet;
2059 1596 2196 1653 etcum
2257 1592 2262 1609 '

171 1684 332 1754 victore?
383 1685 430 1756 Et
446 1687 525 1780 quis
542 1688 680 1757 invenit
691 1691 811 1761 frenos
827 1688 1028 1785 equorum?
1067 1688 1158 1782 Quis
1211 1688 1420 1757 mactaverit
1444 1701 1587 1759 taurum
1610 1688 1800 1779 Neptuno,
1833 1698 1947 1778 ponat
1965 1708 2065 1754 aram
2089 1709 2194 1780 eque·

168 1785 350 1879 geminam
392 1789 550 1883 aquilam
596 1791 738 1882 templis
778 1793 917 1885 primus
953 1789 1158 1883 imposuit?
1210 1788 1275 1858 stri
1297 1788 1450 1860 Palladi.
1507 1789 1764 1860 Efficitautem
1790 1788 1950 1881 potentia
1974 1787 2194 1857 divinarem

170 1890 277 1979 Apud
303 1914 367 1959 vos
395 1903 430 1958 et
453 1890 556 1962 Musa
590 1892 715 1977 floret,
756 1908 791 1963 et
816 1894 916 1966 Mars
947 1892 1156 1987 perniciosis
1208 1890 1369 1974 facilem,
1408 1893 1453 1961 de
1474 1918 1545 1987 qua
1565 1917 1673 1962 nemo
1698 1892 1818 1961 iurare
1844 1902 1981 1982 posset,
2026 1901 2062 1959 et
2083 1912 2194 1984 quam

170 1991 316 2083 procliis
339 1991 522 2063 iuvenum.
574 1995 665 2087 (Str.
680 1994 733 2088 2.)
761 1997 906 2068 Summe
926 1995 1082 2089 lupiter,
1109 1995 1156 2066 sis
1208 2016 1315 2063 nemo
1330 2007 1502 2086 speraret.
2157 2001 2160 2005 ’

170 2094 403 2163 lautoromni
418 2107 581 2188 tempore
596 2098 685 2169 meis
702 2101 938 2179 carminibus,
972 2114 1008 2169 et
1029 2121 1155 2187 regens
1308 2094 1455 2189 Accepit
1483 2096 1592 2187 igitur
1618 2092 1915 2189 Bellerophontes
1947 2096 2107 2176 frenum,
2156 2108 2193 2166 et

169 2190 266 2265 hunc
295 2198 469 2288 populum
501 2198 577 2268 sine
606 2201 827 2287 calamitate,
860 2204 1019 2294 guberna
1041 2202 1156 2271 sortu·
1208 2195 1325 2267 iunxit
1348 2199 1500 2269 maxillis
1524 2199 1605 2294 (Ep.
1623 2195 1676 2294 4.)
1701 2199 1796 2294 equi.
1859 2197 2060 2270 Conscenso
2085 2219 2192 2291 equo,

170 2322 255 2368 nam
276 2296 547 2391 Xenophontis,
588 2316 623 2369 et
650 2304 767 2393 recipe
791 2301 885 2372 hanc
908 2304 1155 2373 laudationem
1208 2299 1328 2368 statim
1344 2300 1382 2369 in
1398 2301 1507 2371 armis
1522 2300 1618 2384 lusit,
1643 2325 1723 2372 cum
1739 2297 1808 2371 hoc
1822 2315 1983 2372 sternens
1998 2298 2191 2371 exercitum

172 2424 409 2483 coronarum,
445 2392 554 2494 duam
579 2402 677 2470 ducit
697 2427 739 2470 ex
755 2406 890 2493 campis
903 2405 1028 2487 Pisae,
1058 2414 1156 2493 post·
1209 2400 1418 2471 muliebrem
1435 2405 1660 2473 Amazonum
1686 2428 1728 2473 ex
1752 2403 1834 2475 sinu
1855 2399 2021 2474 aethereo
2042 2403 2193 2493 frigidae

170 2526 280 2598 quam
296 2501 383 2568 vicit
396 2503 434 2568 in
449 2501 565 2570 stadio
584 2513 618 2568 et
632 2498 839 2593 pentathlo,
866 2528 957 2598 quae
974 2507 1047 2574 dno
1066 2502 1158 2572 nulli
1209 2498 1422 2573 solitudinis.
1486 2501 1666 2577 Interfecit
1700 2519 1735 2575 et
1760 2502 1988 2577 Chimaeram
2012 2505 2193 2576 efflantem

169 2601 380 2672 mortalium
398 2615 503 2671 antea
520 2604 647 2672 eodem
663 2603 721 2672 die
736 2606 973 2696 contigerunt.
994 2603 1157 2699 (aasz)
1209 2598 1350 2690 ignem,
1389 2616 1424 2672 ἓῑ
1446 2603 1623 2696 S⁰lym080
1684 2607 1739 2677 De
1769 2621 1885 2678 morte
1909 2633 1995 2679 vero
2016 2608 2091 2678 eills
2117 2630 2193 2678 110ss

170 2704 274 2774 Duae
288 2715 324 2770 et
337 2704 428 2773 aliae
444 2705 518 2795 apii
541 2728 695 2775 coronae
718 2731 799 2777 eum
822 2710 861 2777 in
876 2703 1033 2778 lsthmiis
1054 2731 1157 2776 coro·
1209 2702 1339 2774 dicam.
1391 2704 1566 2797 Pegasum
1582 2705 1717 2796 Iupiter
1730 2709 1768 2778 in
1784 2711 1923 2782 coelum
1937 2710 2130 2781 transtulit.

168 2817 361 2875 naverunt.
426 2805 501 2877 Nec
529 2804 664 2877 Nemea
704 2809 738 2877 ei
774 2811 993 2882 restiterunt.
1062 2807 1158 2877 Vicit
1312 2802 1404 2898 (Str.
1419 2803 1474 2902 5.)
1499 2806 1561 2877 Me
1574 2833 1661 2878 vero
1680 2810 1894 2881 iaculantem
1908 2814 2088 2883 turbinem
2105 2810 2195 2897 telo·¹

171 2930 277 2977 cursu
311 2919 347 2975 ct
375 2920 477 2997 pater
500 2904 692 2981 Thessalus
727 2912 773 2980 ad
794 2909 988 3005 Alpheum.
1046 2908 1094 2980 Et
1118 2911 1157 2979 in
1209 2929 1310 2990 rum,
1353 2910 1454 2979 decet
1487 2934 1562 2980 non
1591 2912 1703 2983 multa
1734 2912 1876 2982 mittere
1906 2925 2004 2983 extra
2034 2935 2195 3003 scopum.

169 3005 329 3102 Pythiis,
355 3033 428 3081 uno
444 3011 501 3081 die
516 3024 552 3081 ct
571 3014 696 3081 eodem
718 3038 859 3099 mense,
891 3015 1007 3085 stadio
1036 3025 1071 3082 et
1092 3014 1158 3082 du·
1209 3007 1302 3077 Veni
1323 3009 1438 3095 enim,
1467 3025 1509 3081 ut
1532 3012 1705 3084 celebrem
1728 3010 1936 3087 Corinthios
1958 3015 2002 3084 ab
2026 3013 2193 3104 Oligoeto

171 3112 255 3205 plici
269 3110 398 3182 stadio.
450 3111 496 3181 Et
512 3113 549 3181 in
573 3114 707 3206 asperis
722 3112 873 3187 Athenis
894 3130 965 3189 tres
988 3115 1157 3185 victorias
1210 3124 1321 3181 ortos.
1372 3109 1570 3184 Ostendam
1589 3115 1699 3207 igitur
1720 3115 1823 3186 brevi
1844 3116 2003 3188 carmine
2026 3115 2195 3187 victorias

173 3217 322 3307 adeptus
345 3226 409 3284 est.
461 3219 542 3309 (Ep.
557 3217 612 3311 2.)
645 3216 783 3309 Septies
806 3218 891 3288 vicit
910 3219 949 3288 in
975 3217 1157 3288 Palladiis.
1210 3214 1248 3281 in
1264 3208 1398 3285 lsthmo
1416 3228 1452 3285 et
1465 3215 1600 3288 Nemea
1626 3232 1748 3310 partas
1771 3220 1928 3290 familiae
1946 3218 2122 3311 Oligoeti‚
2159 3230 2196 3289 ct

172 3316 401 3386 Comitantur
417 3341 498 3387 cum
524 3331 559 3387 et
576 3320 714 3402 maiora
739 3321 952 3412 praeconia,
979 3346 1059 3390 cum
1076 3344 1157 3402 avo,
1211 3317 1304 3385 addo
1322 3317 1576 3392 iuramentum.
1604 3319 1769 3414 Sexagies
1786 3322 1936 3392 enimin
1950 3335 2105 3416 utroque
2114 3321 2195 3391 loco

172 3418 211 3487 in
232 3418 392 3509 Neptuni
414 3421 679 3492 certaminibus.
737 3423 850 3516 Saepe
877 3425 975 3496 etin
996 3418 1158 3514 Delphis,
1211 3418 1404 3490 celebravit
1418 3419 1515 3494 Deos
1536 3448 1606 3493 vor
1628 3425 1826 3515 praeconis.
1879 3424 1980 3517 (Ant.
1995 3420 2047 3516 5.)
2070 3422 2196 3516 Olym-

175 3533 209 3590 et
231 3522 270 3590 in
285 3521 428 3593 Nemeis
445 3523 589 3594 vicistis.
642 3523 836 3596 Multitudo
859 3527 944 3596 lacit
965 3521 1056 3595 mihi
1084 3547 1158 3594 cer·
1211 3520 1311 3611 picae
1334 3535 1453 3593 autem
1477 3524 1648 3595 victoriae
1667 3527 1767 3617 prius
1789 3525 1904 3595 dictae
1926 3538 2027 3609 sunt,
2057 3526 2195 3595 futuras

173 3635 314 3708 tamen,
346 3637 537 3718 propterea
561 3628 659 3721 quod
683 3628 813 3699 multas
836 3642 971 3699 vestras
992 3625 1159 3696 victorias
1212 3634 1334 3713 postea
1359 3626 1530 3696 recitabo.
1589 3625 1694 3695 Nunc
1716 3650 1843 3720 spero,
1870 3625 1949 3695 Deo
1973 3627 2117 3721 quidem
2142 3625 2197 3696 iu·

173 3748 249 3794 non
269 3750 415 3816 possum
438 3730 608 3812 recitare,
646 3741 687 3799 ut
712 3753 787 3797 non
812 3731 946 3821 possim
967 3748 1159 3798 numerare
1213 3734 1338 3804 vante,
1370 3725 1400 3792 si
1424 3726 1579 3815 genuina
1599 3727 1744 3797 fortuna
1770 3729 1960 3819 procedet,
1991 3725 2068 3796 lovi
2084 3724 2196 3796 Marti

173 3827 317 3919 lapillos
338 3830 459 3899 maris.
516 3832 608 3921 (Str.
634 3831 687 3924 S.)
725 3832 895 3922 Qualibet
915 3840 1035 3899 autem
1058 3828 1097 3894 in
1120 3848 1159 3893 re
1212 3816 1281 3891 hoc
1295 3822 1503 3896 tribuemus.
1554 3825 1733 3899 Victorias
1744 3850 1830 3898 vero
1853 3829 1891 3896 in
1913 3826 1996 3919 iugo
2015 3827 2196 3912 Parnassi,

172 3928 306 3997 modus
320 3939 392 4011 est,
418 3952 524 4021 quem
539 3954 644 3999 nosse
658 3933 834 4020 optimum
853 3945 917 4002 est.
1211 3925 1318 4016 Argis
1345 3937 1380 3995 et
1404 3923 1558 4011 Thebis,
1598 3941 1634 3999 et
1668 3929 1707 3999 in
1721 3929 1881 4003 'Arcadia
1908 3930 2095 4000 testabitur
2120 3953 2197 4002 ara.

277 4026 355 4119 Ego
372 4042 489 4099 autem
505 4030 652 4122 proprie
671 4030 812 4114 electus,
832 4045 873 4103 ut
885 4031 1026 4125 publice
1042 4029 1159 4100 dicam
1213 4027 1294 4124 (Ep.
1311 4023 1366 4124 5.)
1382 4027 1430 4100 Et
1445 4053 1510 4121 per
1522 4025 1717 4116 Achaiam,
1730 4028 1935 4125 Aeginam,
1960 4032 2135 4119 Atticam,
2160 4044 2198 4103 et

174 4129 358 4201 maiorum
373 4132 579 4226 virtutes⁸¹)
594 4144 631 4201 et
643 4132 756 4217 bella,
781 4157 856 4202 non
872 4135 988 4204 dicam
1003 4133 1090 4204 falsa
1117 4134 1160 4202 de
1213 4130 1392 4216 Siciliam,
1433 4133 1588 4227 deniqne
1613 4157 1679 4225 per
1702 4146 1815 4204 totam
1839 4135 2028 4205 Graeciam
2051 4135 2196 4219 vadens,

177 4230 365 4305 Corintho.
424 4230 596 4329 Sisyphus
618 4235 782 4307 excelluit
807 4236 1002 4329 sapientia,
1035 4248 1070 4304 et
1085 4234 1161 4304 Me·
1213 4233 1373 4305 invenies
1403 4234 1542 4305 maiora
1575 4236 1667 4306 lacta
1690 4231 1982 4322 Corinthiorum,
2023 4261 2130 4332 quam
2154 4248 2197 4307 ut

177 4338 242 4406 dea
260 4350 386 4406 contra
403 4338 515 4429 patris
530 4338 750 4407 voluntatem
773 4338 915 4431 nupsit,
949 4352 984 4408 ct
1007 4334 1163 4408 servavit
1213 4336 1352 4428 singula
1374 4337 1600 4408 considerare
1621 4339 1746 4430 possis.
1807 4339 1876 4410 Sed
1892 4336 2026 4432 lupiter
2048 4341 2123 4420 lac,
2154 4349 2197 4406 ut

178 4439 299 4508 navim
324 4439 422 4531 Argo
448 4452 482 4508 ct
502 4441 629 4511 socios.
687 4437 786 4536 (Ant.
809 4441 863 4536 5.)
896 4442 1088 4511 Praeterea
1116 4439 1162 4507 ad
1214 4439 1354 4507 vincam
1376 4438 1446 4508 levi
1469 4443 1581 4531 pede,
1626 4454 1665 4527 et
1681 4442 1726 4511 da
1749 4437 1840 4512 mihi
1860 4437 2037 4514 honorem
2065 4452 2100 4510 et
2119 4436 2197 4508 dul·

177 4539 328 4611 Troiam
359 4542 398 4610 in
428 4554 581 4637 utraque
606 4555 708 4634 parte
730 4538 1001 4614 Corinthiorum
1027 4540 1163 4635 posteri
1216 4564 1291 4610 cem
1308 4541 1502 4613 fortunam.

177 4644 341 4729 fuerunt,
373 4644 435 4714 alii
460 4669 540 4714 cum
564 4669 693 4736 genere
714 4646 817 4715 Atrei
838 4660 1039 4739 repetentes
1059 4643 1163 4712 liele·

179 4769 285 4829 nam,
320 4747 384 4815 alii
408 4760 580 4818 arcentes.
632 4747 723 4818 Nam
741 4747 938 4831 Glaucum,
973 4748 1036 4843 qui
1059 4770 1165 4816 vene·
1599 4744 1690 4830 Ode
1706 4745 1830 4830 XIV,
2260 4792 2279 4845 9

180 4857 240 4914 rat
255 4869 296 4916 ex
310 4846 439 4940 Lycia,
465 4850 641 4920 timebant
656 4850 797 4921 Graeci.
848 4850 1081 4921 Gloriabatur
1103 4872 1166 4918 au·
1218 4895 1436 4983 Ammo
1450 4896 1667 4968 ommia
1700 4891 1967 4979 mamm,
1994 4884 2202 4988 madian)

180 4960 255 5017 tem
294 4948 476 5036 Glaucus,
528 4965 668 5046 patrem
709 4978 813 5023 suum
848 4949 1166 5044 Bellerophontem
1666 4946 1678 4978 '

180 5051 287 5121 baisse
310 5076 429 5144 regem
450 5053 700 5139 Corinthium,
737 5058 818 5147 (Ep.
835 5053 887 5151 S.)
914 5054 975 5151 qui
990 5054 1167 5145 Pegasum
1322 5042 1415 5141 (Str.
1434 5047 1485 5139 1.)
1513 5040 1674 5115 Charites
1702 5041 1797 5133 apud
1819 5034 2003 5130 Cephisias
2030 5064 2142 5137 aquas
2170 5057 2206 5114 et

180 5177 224 5223 ex
241 5154 413 5249 Gorgone
429 5171 554 5229 natum
573 5158 696 5229 volens
715 5159 878 5243 frenare,
911 5158 1025 5229 multa
1046 5150 1182 5248 passns'
1223 5143 1514 5230 Orchomenum,
1556 5161 1591 5214 et
1618 5158 1779 5214 veterum
1806 5142 2013 5234 Minyarum
2038 5146 2207 5239 episcopis

181 5326 386 5344 fl-——u———n-

215 5419 263 5479 tt)
280 5421 418 5488 virtutes]
436 5427 480 5479 stc
498 5426 546 5494 (=
563 5427 640 5480 Ptnd„
659 5420 815 5496 ἀρεταῖσιν)
839 5428 889 5479 ld
905 5426 999 5493 18ης
1032 5424 1084 5480 Ed.
1098 5420 1175 5475 tm.
1261 5417 1309 5482 at)
1329 5417 1386 5469 erto
1403 5414 1562 5479 meam-t,
1580 5408 1709 5474 credun]
1727 5409 1769 5462 stc
1786 5409 1872 5463 rotet.
1887 5408 1979 5471 tm,
1998 5408 2073 5462 tm
2088 5428 2119 5455 =
2130 5411 2209 5464 Pind.

248 5489 389 5548 virtutem.
1297 5485 1381 5537 Μία.
1398 5483 1530 5536 Francos.
1549 5482 1644 5546 tun,
1667 5480 1752 5531 nult.
1772 5479 1864 5540 tm,
1879 5478 1912 5528 u.
1927 5479 2021 5540 steph.
2041 5479 2115 5533 1⁶6⁶.
2132 5470 2211 5528 nott

186 5572 368 5644 sicimam.
390 5582 498 5647 om.
521 5580 607 5647 Vos.
629 5580 720 5644 xlx
873 5598 876 5606 ·
1651 5551 1699 5623 14
