4762 6008
629 68 635 75 ,
684 56 710 77 ,μ
734 48 808 69 ...ne

18 74 600 141 W·*“*“'

232 273 303 346 161
397 339 400 346 ,

229 448 315 525 der,
342 440 405 535 qui
421 451 633 510 numeratur
647 436 741 503 inter
756 447 890 523 septem
907 432 1097 522 sapientes,
1125 433 1224 502 cuius

232 559 285 617 est
299 543 385 613 illud
404 544 555 611 dictum:
583 533 654 629 Μὴ
670 531 786 607 κακὸν
804 537 851 605 ἰῶ
866 538 983 629 κακῷ.
1028 533 1115 604 Eius
1131 535 1225 604 filius

234 648 281 717 ab
297 671 339 717 eo
359 644 504 725 defecit,
532 642 689 710 etfactus
705 651 756 707 est
775 633 887 707 hostis
908 635 1039 726 patris,
1065 635 1155 706 sicut
1172 649 1225 728 ty-

114 802 120 811 .
232 749 356 819 tannis
377 769 451 813 non
476 756 527 812 est
549 741 731 810 diuturna.
796 738 988 831 Tyrannos
1017 746 1118 810 neunt
1148 759 1226 813 tttott

210 848 438 943 'Cypselidas
464 847 500 912 in
522 844 654 934 scripto
684 840 723 908 in
745 836 945 933 Olynthiis:
984 834 1141 933 Ἒξώλης
1172 840 1226 932 εἴη

120 1017 123 1021 ,
230 943 456 1046 Κυψελιδῶν
477 937 607 1045 γενεά,
641 943 678 1011 id
696 955 768 1026 est,
791 942 939 1011 Utinam
963 954 1088 1035 pereat
1110 954 1226 1011 toturn

231 1076 344 1144 genus
360 1048 600 1143 tyrannicum.
652 1044 857 1114 Herodotus
876 1041 1045 1139 Τερψ.”)
1069 1043 1141 1137 fagt
1164 1048 1227 1117 bod

233 1152 424 1233 Dtotttlttttt
440 1169 506 1225 tot
520 1154 611 1224 beot:
635 1142 777 1232 Αὐτὸς,
802 1143 866 1219 καὶ
884 1141 1033 1235 παῖδες,
1059 1142 1123 1217 καὶ
1141 1142 1227 1217 παί-

232 1252 314 1330 δων
329 1251 398 1326 οὐκ
414 1252 465 1323 ἔτι
479 1246 681 1342 παῖδεςη),
715 1249 752 1317 id
775 1261 844 1331 est,
879 1246 1045 1340 regnabit
1068 1247 1142 1339 ipse
1159 1247 1227 1340 Cy-

231 1357 348 1453 pselas
371 1368 405 1423 et
428 1354 646 1435 Periander,
686 1353 747 1421 sed
769 1375 844 1420 non
865 1350 941 1420 eius
961 1349 1109 1440 posteri.
1175 1350 1227 1424 Gt

806 260 929 333 PHIL.
963 261 1076 332 MEL.
1110 258 1314 332 SCRIPTA
1345 254 1682 328 ennomolca.

1276 430 1424 499 fundere
1440 429 1479 495 in
1496 451 1592 495 anno
1608 426 1704 495 XXX
1718 425 1829 494 millia
1849 429 2061 496 ducatorum
2088 428 2126 496 in
2147 453 2273 501 amore

1277 531 1454 604 obscoeno
1471 544 1505 598 et
1519 529 1627 619 turpi.
2095 538 2103 551 ‘

1378 649 1439 719 Vs.
1453 648 1539 720 903.
1567 648 1781 741 Quicunque
1800 649 1966 715 venando
1983 649 2039 717 vel
2061 672 2141 720 cum
2165 673 2274 722 vena·

1277 765 1336 822 tur
1352 775 1517 832 servans,
1544 751 1766 832 custodiens,
1802 749 1863 843 qui
1887 750 1992 818 valde
2007 751 2198 841 diligenter
2214 779 2274 825 cu-

1278 855 1408 937 stodit,
1451 854 1488 921 id
1519 866 1589 935 est,
1629 853 1712 920 facit
1743 864 1905 943 sumptus
1935 876 2003 943 pro
2034 854 2275 928 facultatibus.

1278 957 1486 1027 Geminatio
1502 955 1677 1044 significat
1692 954 1928 1044 diligentiam.

1379 1074 1440 1144 Vs.
1455 1071 1543 1145 904,
1580 1068 1792 1170 Κυδίστην]
1824 1071 1957 1157 idest,
1998 1075 2124 1166 vulgus
2150 1076 2275 1146 laudat

1278 1176 1545 1269 profusionem,
1574 1187 1609 1243 et
1633 1175 1809 1266 sapientes
1830 1176 2089 1267 parsimoniam
2113 1177 2272 1249 laudant.

1278 1278 1418 1381 Nobilis
1443 1280 1588 1374 quidam
1612 1277 1718 1345 dixit:
1760 1277 1884 1349 Parcis
1904 1279 2126 1371 principibus
2151 1280 2274 1352 utilius

1217 1436 1231 1467 ‚.
1279 1394 1369 1452 esset
1391 1380 1525 1452 servire
1548 1404 1656 1474 quarn
1681 1379 1861 1470 prodigis,
1903 1381 1985 1475 quia
2017 1381 2161 1473 prodigi
2191 1406 2275 1476 pro-

233 1455 535 1554 9999999919ιῃὶῒ
557 1458 617 1529 bett
640 1452 821 1546 ¹Y¹³¹¹¹¹l⁸³
854 1448 1033 1522 ”memb
1055 1450 1094 1518 in
1115 1463 1228 1522 “len
1277 1484 1434 1554 fundunt
1466 1483 1542 1552 sine
1576 1481 1732 1565 delectu,
1772 1494 1806 1550 et
1836 1506 1911 1552 non
1940 1480 2074 1554 habent
2096 1484 2272 1555 rationem

233 1561 489 1640 Testamenta,
516 1569 551 1625 et
564 1554 715 1649 reliqui,
741 1554 803 1648 qui
817 1554 965 1645 rapiunt
978 1577 1101 1644 regua.

338 1660 417 1732 Vss.
431 1655 506 1731 895
522 1685 590 1762 sqq
601 1656 667 1726 Vir
687 1652 779 1725 nihil
800 1655 925 1727 melius
949 1651 1057 1724 habet
1077 1655 1228 1725 circum-

236 1764 418 1859 spectione
433 1760 591 1845 consilii,
615 1784 731 1853 neque
749 1759 935 1828 nocentius
951 1756 1205 1848 imprudentia.

337 1865 399 1937 Vs.
413 1863 500 1935 897.
537 1858 687 1959 Cyrne]
722 1861 843 1932 Mores
867 1859 974 1929 amici
997 1859 1140 1929 noveris
1163 1871 1229 1929 etc.

235 1968 423 2063 Quaedam
456 1979 540 2038 sunt
567 1965 654 2034 boni
684 1965 901 2034 consulenda
932 1974 967 2031 et
991 1962 1228 2030 condonanda

237 2064 623 2141 communihominum
641 2066 853 2136 infirmitati.
894 2062 1099 2161 Paulus⁷⁴):
1128 2063 1230 2134 Alter

238 2173 384 2243 alterius
401 2194 509 2240 onera
525 2180 678 2262 portate.
730 2170 909 2259 Augustus
924 2167 993 2236 luit
1007 2166 1175 2258 sapiens,
1197 2177 1232 2234 et

238 2287 360 2345 tamen
382 2275 427 2342 de
447 2272 522 2343 eius
542 2270 750 2341 morositate
773 2281 986 2364 conquestus
1008 2280 1061 2338 est
1080 2265 1231 2336 Marcel-

238 2377 294 2446 lus
312 2388 346 2445 et
361 2375 561 2445 Maecenas.
612 2373 726 2465 Saepe
749 2386 802 2444 est
823 2371 1074 2444 dissimilitudo
1097 2369 1233 2451 iudicii,

239 2488 275 2548 et
296 2489 446 2571 uterque
468 2472 577 2546 habet
600 2475 804 2567 probabiles
825 2498 958 2545 causas.
1021 2472 1099 2540 Hoc
1124 2471 1232 2541 etiam

239 2590 358 2669 potest
373 2579 468 2663 fieri,
495 2591 578 2648 sunt
599 2578 836 2649 dissensiones
859 2577 953 2645 inter
975 2597 1134 2645 summos
1157 2574 1232 2644 sine

241 2680 452 2763 acerbitate,
474 2681 577 2766 odio,
604 2703 709 2772 saepe
732 2680 901 2774 utrinque
926 2687 1010 2748 sunt
1031 2676 1233 2767 probabiles

240 2804 379 2852 causae.

342 2882 420 2955 Vas.
436 2883 662 2960 ssa-902.
687 2884 771 2957 Non
787 2885 978 2976 indagans,
1004 2881 1234 2952 considerans

239 3008 411 3076 magnum
434 2988 627 3071 damnum,
654 2989 754 3057 adest
779 2987 873 3057 iusto
897 3000 933 3054 et
953 2979 1118 3079 iniusto]
1144 2981 1236 3050 Sunt

240 3087 298 3158 sui
317 3087 425 3157 naevi
445 3089 485 3156 in
506 3089 611 3159 bonis
633 3101 668 3157 et
693 3087 807 3157 malis.
875 3086 959 3157 Non
983 3097 1035 3156 est
1060 3083 1172 3156 iustus
1196 3083 1235 3152 in

156 3180 159 3185 ’
240 3200 336 3258 terra
353 3186 487 3284 etc.⁷⁸).
537 3187 578 3259 ld
600 3202 670 3272 est,
699 3189 880 3283 loquendo
904 3191 949 3259 de
972 3188 1135 3259 civilibus
1153 3210 1235 3278 pec-

241 3288 350 3374 eatis,
373 3290 465 3361 sicut
487 3289 538 3358 ibi
561 3293 606 3359 de
628 3289 704 3361 istis
727 3289 888 3382 loquitur
902 3291 1087 3362 Salomon.
1115 3289 1236 3359 Catul-

142 3388 145 3394 ’
240 3389 372 3484 lus⁷⁸):
398 3391 489 3461 Suus
511 3391 640 3485 cuique
662 3394 853 3462 attributus
876 3408 929 3464 est
952 3416 1075 3476 error,
1108 3392 1146 3461 id
1172 3402 1235 3475 est,

242 3491 335 3563 alius
356 3491 488 3582 magis,
524 3493 615 3565 alius
638 3494 777 3578 minus,
814 3495 934 3566 nullus
955 3491 1143 3565 hominum
1170 3517 1236 3585 per

241 3618 316 3667 sese
340 3594 462 3663 omnia
484 3596 588 3687 sapit.
655 3593 711 3665 llli
739 3596 935 3689 plurimum
967 3610 1136 3691 peccant,
1173 3597 1236 3690 qui

241 3692 377 3767 habent
390 3696 489 3766 illam
504 3698 548 3766 de
570 3722 607 3768 se
628 3699 917 3789 persuasionem,
951 3702 1050 3795 quod
1070 3698 1139 3792 ipsi
1161 3723 1236 3768 uon

229 3799 422 3971 labanltur,
447 3801 496 3874 bit
510 3799 850 3897 tlgttttlttttfgtddpffe
865 3817 949 3874 sunt
964 3807 1057 3874 faces
1072 3801 1233 3872 omniurn

243 3913 346 3973 tumu
361 3915 475 3974 tuum.

255 4076 258 4081 ,
344 4003 423 4074 Vas.
437 4003 513 4075 908
527 4028 605 4098 sqq.
647 4003 769 4075 xhvl.
801 4004 925 4077 Bonus
947 4006 1129 4075 servatius
1152 4003 1237 4071 facit

245 4102 383 4177 bouum
403 4104 706 4200 beneficium⁷⁰⁸).

348 4206 425 4275 Hoc
450 4208 601 4277 debebat
625 4231 699 4277 esse
723 4207 925 4298 principum
959 4206 1153 4298 parietibus
1182 4204 1238 4273 in-

244 4308 437 4398 scriptum,
464 4320 499 4377 et
514 4309 751 4398 privatorum.
803 4307 1028 4378 Parsimonia
1047 4322 1099 4379 est
1116 4331 1237 4377 aman-

244 4412 313 4493 da,
339 4421 379 4479 ut
397 4409 575 4500 possimus
596 4410 814 4480 benefacere.
872 4409 1054 4483 Usitatum
1079 4422 1131 4481 est
1153 4434 1235 4501 pro-

244 4512 394 4582 fundere
411 4512 599 4603 pecuniam
617 4511 656 4579 in
673 4537 730 4586 res
752 4512 894 4585 inutiles
919 4526 954 4584 et
978 4538 1053 4582 non
1078 4537 1237 4583 necessa-

245 4613 337 4699 rias,
383 4625 419 4684 et
455 4627 577 4705 postea
614 4614 742 4685 desunt
774 4616 876 4683 nervi
911 4619 957 4685 ad
990 4640 1048 4686 res
1078 4639 1236 4686 necessa·

244 4715 329 4787 rias.
385 4715 470 4789 Non
494 4730 546 4788 est
567 4716 775 4788 inusitatum
799 4717 971 4788 cardinali
993 4718 1131 4788 Romae
1154 4741 1235 4807 pro-

249 4872 454 4891 ..nnat—u·-

278 4965 329 5027 εε)
347 4967 480 5023 uernat
497 4968 533 5032 u,
548 4967 594 5033 aa,
612 4967 639 5023 a.

280 5048 329 5117 ⁷⁸)
347 5049 395 5100 ael
411 5049 520 5104 παίδων
536 5046 587 5103 oda
603 5049 644 5104 lu
659 5055 706 5114 π.]
724 5052 765 5104 rio
778 5053 829 5108 tta.
839 5052 930 5116 ideoq
947 5051 1143 5106 Herodot.1d.
1158 5051 1236 5102 lteis.

316 5122 345 5170 et
362 5120 486 5175 scurror.
509 5123 527 5172 Ι.
540 5123 560 5174 Ι.
578 5118 688 5173 παίδων
703 5135 736 5189 γε
751 5115 807 5187 μὲν
824 5115 915 5172 οὐκέτι
932 5132 963 5170 n.

280 5206 330 5267 τε)
348 5206 439 5257 eust.
451 5208 480 5272 o,
496 5206 523 5259 t.

280 5289 331 5356 to)
347 5291 536 5342 recreatum
548 5292 576 5357 7,
592 5292 637 5344 tt.

280 5376 333 5437 2⁸)
350 5375 451 5429 θείου.
463 5376 508 5438 22,
524 5377 567 5428 2⁰.

281 5462 354 5521 7⁸⁸)
374 5462 547 5524 benenatum]
566 5463 616 5516 td.
633 5462 709 5515 tw).
730 5462 907 5515 benenatum.

1280 1586 1431 1656 virtutis.

1432 1703 1513 1777 Res
1534 1703 1576 1773 bo
1594 1701 1653 1774 teil
1675 1701 1765 1793 nabe
1790 1719 1950 1795 secptra,

1487 1804 1590 1877 mena
1608 1801 1674 1893 lein
1697 1800 1803 1897 tltlog
1825 1804 1887 1878 toa
1908 1799 2098 1900 recteest),

1435 1906 1508 1979 {tet
1530 1911 1609 1979 mut
1634 1924 1673 1997 aa
1696 1907 1764 1994 [ebt
1788 1905 1981 1994 uerbetbea,

1488 2011 1562 2083 ttat
1585 2006 1729 2100 aieleiqt
1749 2027 1804 2081 aet
1826 2006 1960 2102 (balgen
1982 2006 2117 2098 derben.

1385 2124 1541 2218 Quando
1556 2126 1735 2218 principes
1749 2130 1989 2220 profuderunt
1998 2151 2062 2200 sua
2076 2129 2116 2196 in
2130 2151 2185 2199 res
2200 2152 2276 2198 non

1282 2229 1519 2312 necessarias,
1557 2241 1663 2318 egent
1697 2231 1918 2321 temporibus
1942 2228 2160 2302 necessariis.
2221 2226 2277 2301 lte

1283 2331 1560 2423 intemperantia
1577 2343 1611 2400 et
1634 2333 1737 2402 luxus
1761 2345 1845 2402 sunt
1869 2333 2124 2424 impedimenta
2144 2355 2277 2424 magna

1283 2435 1322 2503 in
1343 2433 1465 2505 multis
1485 2434 1602 2504 rebus.
1666 2435 1785 2525 Apum
1809 2435 1954 2526 ingenia
1979 2448 2016 2506 et
2037 2436 2176 2506 lahores
2200 2434 2276 2505 sive

1285 2560 1395 2630 opera
1412 2549 1496 2607 sunt
1510 2535 1614 2605 uobis
1638 2534 1751 2604 aDeo
1776 2539 1974 2629 proposita.
2031 2538 2125 2610 Sunt
2147 2549 2279 2621 castae,

1284 2639 1456 2730 frugales,
1483 2663 1558 2708 non
1576 2652 1792 2730 generantur
1806 2640 2017 2723 concubitu,
2042 2665 2126 2728 ¹non
2149 2664 2191 2711 ex
2212 2664 2280 2733 pu·

1285 2741 1515 2825 trefactione,
1555 2754 1596 2810 ut
1622 2765 1763 2813 muscae
1787 2754 1822 2811 et
1843 2741 1988 2835 culices,
2026 2744 2090 2812 sed
2115 2766 2158 2811 ex
2179 2764 2280 2827 rore,

1286 2868 1393 2938 quem
1409 2840 1585 2916 invehunt
1603 2843 1642 2914 in
1661 2867 1743 2917 suas
1766 2844 1929 2929 cellulas,
1960 2845 2024 2914 sed
2047 2853 2279 2934 reparantur,

1286 2947 1523 3019 restituuntur
1551 2971 1635 3039 apes
1658 2947 1807 3019 amissae
1829 2971 1872 3017 ex
1892 2946 2152 3040 putrefactione
2171 2943 2280 3015 bovis

1286 3063 1352 3120 etc.
1408 3048 1564 3121 Ecclesia
1588 3049 1745 3141 gignitur
1768 3075 1812 3120 ex
1835 3074 1918 3120 rore
1944 3049 2105 3131 coelesti,
2145 3048 2183 3116 id
2214 3058 2283 3130 est,

1286 3153 1396 3222 verbo
1412 3150 1482 3221 Dei
1497 3165 1533 3222 et
1545 3152 1652 3224 simul
1665 3164 1831 3222 movente
1845 3176 1910 3244 per
1930 3153 2043 3223 filium
2059 3149 2127 3219 Dei
2150 3162 2186 3219 et
2198 3146 2283 3242 Spi-

1286 3254 1396 3325 ritum
1426 3267 1600 3325 sanctum.
1661 3253 1758 3326 Deus
1779 3255 1969 3348 proposuit
1991 3254 2059 3326 ista
2078 3252 2282 3346 spectacula

1287 3360 1333 3427 ad
1349 3382 1417 3428 nos
1438 3357 1820 3428 commonefaciendos.

1387 3474 1465 3547 Vsa.
1480 3472 1556 3548 905
1570 3502 1623 3570 sq.
1658 3477 1842 3570 Quantum
1868 3477 2025 3568 spatium
2051 3474 2180 3569 aliquis
2199 3496 2283 3564 per·

1288 3579 1409 3650 ficiens
1425 3591 1516 3649 esset
1531 3578 1745 3651 transiturus
1762 3581 1807 3648 ad
1825 3579 1958 3651 inferos
1965 3573 1997 3675 ,]
2023 3577 2061 3646 id
2079 3589 2149 3661 est,
2166 3598 2282 3670 quan-

1289 3695 1326 3750 to
1341 3681 1458 3773 spatio
1474 3681 1631 3752 victurus
1646 3695 1746 3752 esset.

1389 3800 1467 3872 Vas.
1492 3799 1567 3872 907
1584 3800 1736 3872 -914,
1785 3799 2072 3869 Consentaneum
2109 3798 2166 3866 vel
2194 3818 2283 3866 con-

1288 3927 1414 3993 gruum
1434 3918 1542 3988 esset,
1569 3904 1631 3997 qui
1655 3915 1855 3996 expectaret
1875 3904 1988 3970 latum
2010 3898 2166 3991 longiori
2191 3911 2284 3970 tem·

1288 4028 1399 4095 pore,
1433 4002 1528 4076 hunc
1550 4006 1664 4098 magis
1686 4029 1832 4097 parcere
1845 4003 1984 4101 ‚victui,
2013 4027 2118 4097 quem
2142 3998 2283 4073 babuit.

1287 4106 1357 4177 Sed
1371 4103 1440 4177 boc
1454 4133 1528 4177 uon
1543 4121 1661 4200 potest
1677 4109 1752 4177 fieri
1769 4107 1823 4203 (id
1841 4120 1914 4190 est,
1945 4129 2021 4174 non
2046 4105 2177 4176 scimus
2200 4128 2283 4196 spa-

1288 4208 1377 4278 tium
1403 4211 1535 4306 vitae),
1575 4213 1672 4303 quod
1700 4207 1790 4279 mibi
1819 4234 1987 4301 magnum
2016 4209 2152 4278 luctum
2183 4207 2282 4277 facit.

1289 4312 1461 4381 Mordeor
1475 4312 1513 4379 in
1535 4312 1676 4395 anima,
1702 4325 1738 4381 et
1760 4314 1906 4396 dubito,
1939 4310 2027 4404 quid
2047 4309 2197 4389 faciam,
2230 4330 2282 4377 an

1288 4415 1406 4484 vivam
1430 4414 1612 4486 liberalius
1637 4427 1672 4485 et
1692 4416 1845 4508 largius,
1887 4438 1934 4482 an
1958 4412 2110 4504 parcius.
2175 4408 2282 4480 Duae

1288 4528 1371 4586 sunt
1388 4528 1470 4584 ante
1486 4540 1543 4585 me
1557 4516 1653 4598 viae;
1681 4520 1811 4609 cogito,
1833 4540 1941 4611 quam
1958 4517 2085 4584 vadam
2100 4512 2282 4605 prioremt

1289 4631 1351 4687 aut
1383 4614 1474 4687 nihil
1510 4644 1742 4704 consumens,
1790 4621 2032 4712 profundens,
2081 4626 2287 4698 conteram,

1288 4722 1435 4815 perdam
1463 4723 1573 4791 vitam
1597 4726 1634 4792 in
1659 4724 1859 4805 aerumnis,
1898 4722 2030 4804 idest,
2070 4742 2117 4787 an
2140 4717 2283 4788 duriter

1287 4823 1420 4895 vivam.
1473 4824 1651 4896 Homerus
1670 4839 1705 4895 et
1720 4826 1915 4898 Hesiodus:

1338 4937 1445 5041 Ᾰὶψα
1485 4939 1560 5041 γὰρ
1606 4944 1646 5019 ἐν
1685 4937 1860 5036 κακότητι
1895 4937 2029 5038 βροτοὶ
2067 4934 2285 5039 καταγηρά·

1699 5042 1925 5139 σκουσινπ).

1322 5292 1356 5361 *)
1374 5293 1444 5345 Huic
1462 5291 1533 5343 dicto
1552 5292 1638 5345 taut.
1648 5290 1722 5343 130⁰.
1739 5292 1809 5342 baec
1824 5291 1919 5342 addita
1936 5293 1979 5340 est
1993 5285 2151 5339 adnuntio:
2173 5285 2282 5337 Dictum

1358 5361 1455 5413 nauta
1472 5360 1597 5425 Pttltppt.
1623 5357 1729 5423 urata,
1750 5362 1786 5412 ab
1804 5355 1925 5427 ἅρννμι,
1943 5358 1971 5408 tu
1988 5358 2049 5423 ert,
2072 5355 2212 5410 senectae.

1321 5461 1707 5532 mmmmm
