4762 6008
61 303 139 383 573
370 297 460 371 XCl.
511 291 796 368 ENARRATIO
827 288 957 362 LIBRI
983 287 1061 361 Vll.
1095 289 1568 365 METAMORPHOSEON
1603 291 1762 366 OVlDll.
2008 294 2087 374 5⁷4

63 477 171 547 etiam
201 471 288 541 novi
316 470 494 565 quendam
520 467 775 556 impostorem,
816 461 879 556 qui
903 471 1046 549 accepta
1100 485 1244 545 omnes,
1268 488 1357 556 quas
1373 462 1524 535 Ovidius
1539 459 1597 532 hic
1615 465 1729 534 obiter
1744 447 1940 557 attingit'in
1958 468 2088 538 descri-

61 574 198 663 iogenti
225 572 376 661 pecunia
408 567 492 637 olim
520 578 745 659 persuaserat
771 563 923 645 Carolo,
964 561 1047 631 Gel-
1099 565 1213 633 benda
1231 565 1380 635 Medeae
1395 568 1478 658 fuga
1496 570 1540 636 ad
1555 564 1737 658 Aegeum,
1762 592 1880 662 neque
1897 571 2060 660 explicat.

61 677 160 746 driae
183 672 286 753 duci,
321 671 421 741 senio
444 673 604 740 conlecto
628 693 664 740 se
687 679 986 759 praeparaturum
1014 662 1046 731 ei

59 801 188 847 aurum
204 773 382 864 potabile,
407 798 479 866 quo
494 772 543 842 ita
560 783 798 851 recrearetur,
824 768 883 837 vix
902 779 943 836 ut
955 789 1045 860 qua-

58 876 294 967 dragenarius
311 877 504 945 videretur.
552 873 652 943 Haec
674 884 757 942 sunt
777 870 906 941 similia
930 881 966 937 et
986 891 1045 936 co·

59 991 166 1071 gnata
188 974 270 1047 huic
293 976 437 1047 fabulae
458 979 503 1046 de
519 975 659 1046 Aesone
685 986 805 1055 cocto,
832 985 868 1041 et
891 972 930 1038 in
946 971 1045 1038 iuve-

57 1106 141 1150 nem
158 1080 332 1148 restituto.
383 1079 520 1149 Ferunt
534 1091 651 1147 antem
668 1075 833 1144 Medeam
852 1071 1044 1144 instituisse

59 1185 236 1278 quaedam
261 1180 446 1264 exercitia,
487 1180 616 1274 quibus
637 1178 759 1247 mollia
784 1190 818 1246 et
840 1177 1042 1245 effeminata
1196 1155 1313 1251 Ialysii
1355 1173 1505 1250 propter
1543 1160 1717 1251 insignem
1757 1162 2023 1254 improbitatem
2064 1192 2084 1234 a

58 1308 212 1376 corpora
238 1285 472 1353 redderemur
503 1295 625 1373 ,legera
660 1293 695 1350 et
722 1281 881 1350 robusta,
951 1277 1044 1344 Hinc
1096 1256 1242 1328 Graecis
1266 1262 1511 1352 cognominati
1535 1276 1618 1333 sunt
1639 1258 1847 1346 Telchines,
1882 1266 1973 1335 sicut
1999 1268 2085 1337 olim

55 1389 152 1456 fama
175 1398 246 1470 est,
278 1386 415 1456 effoetis
442 1385 653 1476 corporibus
677 1395 829 1451 aetatem
854 1381 1042 1449 florentem
1095 1358 1133 1426 in
1156 1360 1276 1430 littore
1291 1360 1413 1431 ltalico
1439 1364 1523 1432 dicti
1547 1379 1629 1435 sunt
1655 1392 1673 1433 a
1699 1366 1896 1437 latrociniis
1919 1366 2087 1465 Laestry-

55 1488 271 1568 msriruiss„
311 1512 529 1584 quamquam
556 1499 591 1555 et
613 1484 779 1554 credibile
803 1496 855 1554 est
876 1482 1042 1550 Medeam
1094 1486 1215 1553 gones.
1266 1463 1450 1534 Vocantur
1472 1467 1567 1535 enim
1589 1462 1780 1538 Telchines
1802 1470 1896 1560 apud
1918 1469 2087 1565 Graecos,

1238 767 1489 842 Telchines
1522 797 1541 838 a
1576 770 1682 842 love
1717 775 1954 845 submersi.

1147 920 1207 990 Vs.
1223 919 1310 991 365.
1344 926 1596 1095 Phoebeamque
1617 926 1756 994 Rhodon
1782 937 1812 995 et
1835 928 1980 1016 lnlysios
2008 931 2086 998 Tel-

1513 1050 1532 1094 e
1555 1051 1643 1096 snos.

57 1591 193 1661 salubri
211 1591 472 1660 medicamento
487 1611 698 1680 prorogasse
723 1585 832 1654 vitam
849 1583 984 1654 Aesoni
1006 1582 1044 1650 in
1096 1566 1181 1633 mali
1200 1568 1327 1649 Genii,
1360 1569 1421 1662 qui
1441 1566 1605 1639 homines
1631 1570 1766 1640 illectos
1790 1571 2087 1658 circumveniunt,

54 1694 196 1784 perdita
223 1693 426 1763 valetudine
456 1692 652 1783 affectaque
680 1700 815 1770 aetate;
855 1687 924 1758 luit
948 1685 1042 1755 enim
1095 1664 1197 1764 παρὰ
1218 1664 1261 1741 τὸ
1282 1668 1450 1768 θέλγειν,
1486 1673 1583 1765 quod
1610 1686 1662 1742 cst
1690 1673 1903 1743 demulcere.
1970 1672 2086 1743 Erant

54 1796 132 1888 ipsa
150 1793 343 1864 herbarum
362 1806 397 1861 et
411 1794 497 1863 artis
514 1792 669 1860 medicae
688 1792 814 1883 perita.

366 1993 536 2066 Caedes
567 1995 735 2065 Peliae.
799 1940 801 1945 Α

107 2132 184 2205 Vss.
208 2130 284 2204 304
304 2158 357 2226 sq.
400 2137 488 2222 Spes
519 2144 569 2204 est
601 2135 791 2224 oirpt'oidus
822 2133 919 2201 Pelia
948 2135 1044 2220 peni·

475 2248 548 2306 tore
562 2235 609 2326 ⁸¹)
637 2238 760 2305 creatis

106 2345 192 2410 Arte
207 2362 304 2407 suum
316 2339 425 2425 parili
441 2342 644 2406 reuirescere
657 2358 754 2423 posse
766 2345 954 2422 parentem.

158 2456 255 2524 Haec
269 2454 411 2534 sabula,
438 2454 742 2544 quemadmodum
757 2454 862 2518 docet
873 2449 1044 2519 Erasmus

55 2560 342 2636 Rotcrodamus,
376 2577 451 2622 non
474 2552 722 2643 intempestive
744 2553 886 2619 narrari
915 2562 1045 2641 potest,

55 2662 119 2732 ubi
136 2659 216 2751 quis
228 2657 315 2726 falsa
333 2679 395 2745 spe
413 2658 557 2737 ductus,
585 2677 661 2723 non
680 2654 796 2723 solum
820 2653 964 2721 inanem
987 2678 1044 2722 su·

56 2764 123 2831 mit
142 2783 308 2850 operam,
335 2760 520 2829 sedetiam
536 2758 732 2827 maximum
752 2759 922 2824 damnum
942 2755 1044 2833 iacit3

55 2864 205 2956 perinde
219 2885 260 2928 ac
278 2860 307 2930 si
328 2861 407 2956 quis
433 2873 565 2943 artem,
600 2883 707 2954 quam
729 2871 860 2927 vocant
872 2854 1043 2927 Alchimi-

56 2991 149 3049 cam,
167 2976 340 3033 exerceat.
366 2964 460 3035 Nam
472 2962 583 3032 veluti
593 2962 713 3042 Peliae
724 2960 817 3051 regis
828 2960 923 3030 filiae
939 2959 1043 3029 aMe·

56 3070 122 3137 dea
147 3089 336 3158 persuasae
363 3079 522 3156 patrem,
562 3067 647 3135 dum
673 3067 817 3135 student
841 3067 886 3132 ad
918 3064 1045 3133 iuven-

56 3184 132 3241 tam
157 3192 347 3249 revocare,
371 3169 479 3237 lebeti
504 3168 655 3238 ferventi
682 3165 891 3258 impositum
914 3178 1045 3235 necant

59 3296 99 3341 ac
121 3273 293 3362 perdunt:
323 3271 371 3339 ita
391 3272 450 3341 ille
465 3273 509 3340 ab
525 3271 781 3362 impostoribus
804 3293 992 3359 persuasus
1010 3281 1045 3336 et

59 3386 134 3444 arte
158 3374 290 3457 fretus,
324 3376 409 3445 dum
443 3374 511 3444 sibi
543 3373 721 3464 promittit
748 3374 928 3455 futurum,
959 3384 1043 3441 ute

58 3488 187 3547 stanno
210 3477 272 3544 fiat
293 3490 501 3568 argentum,
525 3489 560 3545 et
584 3502 626 3546 er
648 3500 729 3545 aere
753 3500 899 3558 aurum,
927 3474 1045 3565 perdit

60 3602 202 3649 omnem
220 3604 368 3670 operam
386 3593 421 3650 et
438 3604 542 3672 opes,
570 3604 659 3673 quas
675 3579 862 3668 impendit.

238 3779 485 3851 Cerambus
514 3783 560 3849 in
593 3781 870 3850 scarabeum.

111 3912 190 3982 Vss.
212 3906 301 3984 364.
326 3907 413 3982 366.
453 3918 521 3983 Hie
551 3936 608 4001 ope
622 3917 866 4005 ,Nympharum
897 3914 1047 3983 statutus

468 4020 506 4085 io
520 4040 602 4085 uero
614 4021 738 4105 peteme
746 4067 758 4098 ,

113 4120 363 4193 Deucalioneos
376 4115 490 4209 effupit
507 4119 682 4187 inobrutus
698 4123 818 4187 condus.

164 4253 335 4347 Quisquis
360 4248 419 4323 hic
450 4253 518 4323 suit
552 4250 766 4338 Cerambus,
812 4219 957 4343 fingitur
992 4250 1049 4345 (ut

63 4462 169 4531 minis
192 4461 230 4528 in
252 4458 481 4541 scarabeum,
517 4484 622 4553 quem
640 4460 767 4530 Graeci
787 4485 852 4551 per
868 4456 1048 4553 ὀνοματο-

63 4561 189 4637 notior
214 4575 345 4632 vocant
365 4558 578 4658 κέραμβον,
611 4564 713 4656 quasi
738 4560 875 4659 κέρατα
902 4560 1046 4655 ἔχοντα,

64 4689 197 4737 cornua
218 4662 423 4738 habentem.
476 4665 593 4735 Habet
611 4666 704 4734 enim
729 4668 917 4737 scarabeus
940 4666 1047 4755 longa

64 4779 101 4834 et
122 4791 264 4839 ramosa
292 4794 439 4840 cornua.
498 4767 571 4839 Cur
596 4791 681 4838 vero
707 4769 860 4858 fingatur
888 4779 1049 4858 tempore

65 4867 192 4936 diluvii
214 4873 340 4961 pennis
369 4886 541 4966 tanquam
567 4873 655 4941 alter
684 4870 908 4961 Pegasns'in
936 4871 1047 4940 altum

64 4970 224 5042 sublatus
245 4986 281 5042 et
300 4988 529 5046 conservatus
557 5000 576 5044 a
595 4969 790 5069 Nymphis,
822 4974 857 5042 id
883 4972 1049 5066 relinquo

67 5071 191 5142 otiosis
207 5072 357 5163 ingeniis
373 5078 640 5171 inquirendum.
693 5077 757 5147 Est
778 5076 873 5144 enim
900 5076 1050 5145 obscura

1097 1782 1214 1839 autem
1240 1769 1380 1864 lalysii,
1415 1787 1454 1841 ut
1469 1772 1652 1853 Diodorus
1677 1775 1821 1863 scribit,
1853 1775 2086 1851 fascinatores

1097 1883 1132 1938 et
1152 1874 1322 1957 malefici,
1361 1877 1422 1967 qui
1452 1876 1584 1960 nubes,
1626 1877 1778 1960 imbres,
1817 1870 2027 1968 grandinem
2051 1893 2086 1949 et

1097 1973 1216 2042 nivem
1234 1976 1452 2045 inducebant
1473 1981 1519 2046 ad
1545 1979 1765 2049 afferendam
1790 1980 1916 2051 vicinis
1942 1981 2085 2049 calami-

1098 2086 1231 2159 tatem,
1271 2091 1420 2171 propter
1453 2105 1560 2173 quam
1598 2081 1864 2173 improbitatem
1894 2085 1987 2153 iusto
2014 2080 2083 2151 Dei

1098 2177 1230 2247 iudicio
1256 2184 1400 2249 tandem
1425 2183 1546 2268 puniti
1569 2197 1662 2253 sunt.
1728 2183 1820 2254 Nam
1847 2181 2002 2277 Ialysus,
2029 2185 2082 2252 in·
2170 2206 2176 2227 t

1096 2280 1193 2349 sulae
1213 2277 1335 2353 Rhodi
1356 2285 1462 2367 urbs,
1486 2286 1524 2353 in
1550 2311 1620 2377 qua
1642 2283 1871 2369 habitabant,
1902 2287 2083 2358 submersa

1097 2393 1149 2448 est
1166 2383 1400 2452 inundatione
1420 2388 1528 2455 maris
1544 2386 1605 2482 81).

1270 2564 1500 2637 Corinthii
1536 2596 1585 2639 cx
1618 2574 1770 2666 fungis
1805 2576 1912 2644 nati.

1145 2703 1206 2772 Vs.
1230 2701 1316 2772 393.
1360 2708 1509 2792 Corpora
1544 2709 1725 2829 verborum
1756 2712 1960 2800 pluvialibus
1995 2714 2085 2781 edita

1523 2833 1567 2878 un
1591 2835 1632 2879 ts.

1196 2925 1302 3014 Apud
1321 2806 1535 2996 Corinthurir
1558 2832 1755 3021 ἕηῑίᾳυίίυε
1779 2926 1943 2998 homines
1964 2930 2085 2997 serun-

1096 3037 1154 3095 tur
1170 3050 1213 3094 ex
1224 3029 1343 3118 fringis
1360 3029 1455 3111 nati,
1474 3030 1519 3098 ob
1537 3029 1740 3120 primaevos
1755 3032 1890 3101 incolas
1907 3030 2000 3100 illius
2015 3027 2085 3097 loci

1095 3129 1222 3198 stultos
1236 3129 1283 3223 ⁸⁸)
1302 3143 1337 3198 et
1351 3132 1488 3211 latu0s3
1514 3156 1599 3200 nam
1619 3134 1717 3225 fungi
1743 3133 1937 3225 proverbio
1962 3132 2086 3202 dicun-

1096 3243 1153 3300 tur
1170 3233 1290 3304 stolidi
1306 3246 1341 3301 et
1355 3234 1466 3305 stulti.

1203 3419 1379 3492 lasonis
1414 3435 1458 3490 et
1483 3419 1669 3491 Medeae
1704 3422 1974 3493 divortium.

1146 3557 1225 3626 Vss.
1242 3554 1316 3626 395
1338 3584 1391 3649 sq.
1418 3559 1701 3651 Moprautemqoe
1725 3564 1858 3627 domum
1883 3562 1974 3645 repis
1998 3558 2087 3627 mate

1506 3662 1608 3737 uidit,
1635 3669 1773 3749 utroque
1789 3656 1835 3746 ⁸⁴)

1150 3762 1326 3844 Sanquine
1340 3767 1497 3825 notorum
1508 3756 1726 3845 perfunditur
1739 3762 1863 3847 impius
1879 3762 1982 3829 eosic.

1198 3891 1333 3963 lasonis
1349 3906 1383 3961 et
1399 3892 1546 3961 Medeae
1562 3894 1771 3975 divortium,
1788 3917 1984 3988 eorumque
2001 3896 2086 3963 libe·

1098 4021 1223 4066 rorum
1253 3995 1361 4065 tristis
1393 4020 1433 4063 ac
1464 3995 1675 4065 miserabilis
1705 3995 1890 4080 interitus,
1931 3998 2087 4068 ostendit

1099 4099 1297 4181 connubia,
1339 4122 1430 4190 quae
1455 4099 1577 4167 invitis
1610 4099 1665 4166 vel
1701 4100 1850 4170 desertis
1878 4100 2087 4189 parentibus
2135 4176 2138 4181 ¹

1100 4205 1289 4283 ineuntur,
1316 4225 1390 4268 non
1418 4224 1490 4270 csse
1517 4202 1616 4269 firma
1642 4213 1676 4268 et
1702 4199 1828 4271 felicia.
1890 4201 2085 4295 Postquam

1099 4432 1189 4477 tram
1209 4406 1448 4474 convertitur:
1483 4407 1578 4475 unde
1596 4419 1717 4497 postea
1736 4430 1886 4499 magnae
1905 4406 2088 4475 calamita·

1099 4524 1151 4581 tcs
1179 4508 1362 4580 existunt·
1394 4506 1505 4577 Facto
1528 4521 1589 4577 ant
1614 4508 1770 4595 divortio
1791 4507 1895 4580 lason
1922 4507 2087 4579 Creontis

1099 4613 1208 4683 liliam
1238 4610 1356 4693 duxit,
1395 4636 1504 4705 quam
1536 4610 1704 4679 iniuriam
1736 4610 1864 4681 Medea
1896 4608 2088 4680 crudeliter

1100 4716 1197 4798 ulta,
1222 4738 1296 4782 non
1321 4713 1436 4785 solum
1461 4714 1572 4783 liliam
1594 4712 1759 4783 Creontis
1780 4712 1946 4782 incendio
1969 4707 2088 4802 perdi·

1101 4820 1173 4902 dit,
1207 4820 1268 4888 sed
1300 4815 1406 4886 etiam
1438 4841 1521 4886 suos
1554 4816 1703 4906 ipsamet
1733 4815 1864 4884 liberos
1894 4810 2086 4901 iugulavit:

1103 4923 1192 4991 adeo
1209 4922 1282 5004 ira,
1309 4943 1411 4988 amor
1431 4933 1466 4988 et
1483 4919 1673 4988 crudelitas
1691 4917 1728 4984 in
1743 4942 1782 4985 ea
1802 4925 2018 4984 exarserant.

1103 5103 1306 5119 ι--ιι--ε--ι-η

66 5185 102 5244 et
124 5173 290 5265 ignobilis
309 5180 449 5265 fabula,
491 5182 613 5273 quales
635 5192 718 5251 sunt
743 5191 778 5248 et
798 5193 957 5248 caeterae
977 5179 1051 5248 fere
1137 5213 1186 5282 02)
1204 5211 1284 5266 eous,
1302 5210 1380 5262 ntot.
1400 5209 1452 5259 rto.
1472 5207 1600 5258 statutt.
1613 5205 1649 5269 v,
1666 5206 1709 5257 ss.

102 5412 152 5481 st)
175 5412 320 5536 ppetuu]
350 5415 392 5466 su
416 5382 501 5467 ratae.
520 5414 614 5481 ross,
653 5415 742 5479 toos.;
768 5414 848 5467 ona.
873 5416 923 5467 ro.
942 5414 1051 5471 must.

137 5499 173 5536 W
205 5500 235 5538 CC
249 5501 277 5537 a·
685 5524 688 5529 ·

1137 5316 1187 5385 83)
1204 5316 1321 5375 stultos]
1339 5313 1381 5363 sto
1396 5311 1483 5363 rcottt.
1505 5310 1599 5377 13335
1616 5310 1667 5364 lid.
1680 5310 1758 5365 tots.
1776 5312 1891 5365 stultns.

1142 5417 1292 5483 estuare
1315 5414 1408 5480 state,
1431 5414 1573 5479 utroque]
1597 5414 1745 5465 sterteret
1768 5412 1861 5480 ttae,
1885 5415 1978 5479 stirp
2008 5412 2087 5466 ortt.

1172 5485 1350 5540 restruet.
1370 5496 1451 5537 neme
1468 5485 1544 5537 stou
1562 5486 1724 5550 utrumque.

63 4356 211 4453 opinor)
239 4356 964 4446 transformatusproptersimffiludimm
983 4381 1047 4423 no·
1100 4330 1195 4426 enim
1216 4314 1332 4373 aestus
1350 4304 1483 4374 amoris
1499 4303 1696 4386 deferbuit,
1723 4327 1826 4372 amor
1842 4302 1879 4371 in
1904 4305 2026 4374 odium
2051 4315 2087 4371 et
2187 4328 2191 4335 ·
