4762 6008
240 291 357 380 ‘sn
853 292 975 368 enm.
1007 270 1120 367 um,
1152 288 1354 363 scurras
1387 288 1723 365 rnnonomm.
2241 301 2322 376 20⁸

282 476 398 547 lilium
430 472 581 545 similem
607 470 716 539 Marti
737 470 776 537 in
797 468 946 559 pugnis,
978 479 1014 536 et
1036 465 1189 537 similem
1207 466 1276 536 ful·
1327 490 1430 550 nem,
1456 463 1666 550 Hectorem,
1699 477 1734 535 et
1757 464 1847 535 alios
1870 464 1995 549 duces,
2029 467 2160 560 quibus
2181 472 2322 546 denun-

283 579 366 672 guri
383 578 520 647 robore
536 576 680 666 pedum.
732 570 855 640 Meum
873 582 944 651 est,
970 570 1152 641 dareeam
1168 568 1274 639 Peleo
1328 569 1421 639 tians
1443 580 1597 638 mortem
1614 564 1787 650 Achilles,
1812 568 1988 660 Aeginam
2010 592 2112 640 suam
2136 572 2322 647 admiran-

282 668 468 751 Aeacidae
482 676 531 771 ¹⁹)
553 675 764 765 coniugem,
788 695 893 763 quem
908 671 1028 740 serunt
1043 672 1274 744 iustissimum
1327 673 1411 740 dam
1437 673 1610 741 ostendit:
1646 697 1753 765 quem
1774 694 1840 749 nec
1864 684 2049 741 mortuum
2080 674 2322 751 destituerunt

283 783 333 851 ali
350 784 389 850 in
409 803 537 870 campo
556 777 653 848 lol'ci.
712 774 802 872 (Str.
820 771 875 868 5.)
900 772 997 843 Eant
1015 787 1134 844 autem
1156 774 1276 844 nuntii
1329 773 1509 856 carmina,
1550 777 1611 844 scd
1637 775 1671 841 ei
1698 774 1744 844 ad
1766 797 1895 865 rogum
1923 775 2138 846 adstiterunt
2163 780 2322 871 virgines

283 907 369 952 mox
397 882 437 950 in
467 893 610 951 antrum
637 876 823 962 Chironis,
857 901 924 946 nec
944 877 1017 945 filia
1040 877 1147 949 Nerei
1171 877 1275 948 nobis
1327 875 1554 962 Heliconiae,
1579 889 1614 945 et
1630 878 1801 949 fuderunt
1814 878 1989 947 celebrem
2007 878 2319 959 lamentationem.

284 1008 409 1055 rursus
435 983 631 1052 certamina
643 982 825 1075 praebeat.
878 979 1034 1072 Vespere
1059 993 1178 1049 autem
1201 981 1275 1071 ple·
1327 979 1452 1049 Visum
1475 992 1528 1050 est
1547 979 1656 1070 igitur
1677 979 1775 1062 Diis,
1801 980 1921 1050 virum
1944 996 2186 1072 praestantem
2210 988 2319 1058 etiam

237 1162 242 1169 ,
282 1086 437 1170 nilunii‚
463 1087 580 1156 solvat
598 1086 739 1157 frenum
755 1083 971 1175 virginitatis
994 1084 1092 1174 apud
1106 1083 1275 1153 Heroem.
1327 1093 1510 1151 mortuum
1524 1085 1664 1152 tradere
1680 1079 1823 1175 hymnis
1838 1081 2011 1157 Dearum.
2054 1082 2147 1178 (Str.
2160 1086 2214 1185 7.)
2233 1087 2318 1163 ldco

282 1190 343 1260 Sic
357 1189 478 1260 locuta
493 1199 546 1259 est
559 1182 708 1259 Themis
737 1190 782 1257 ad
798 1185 945 1257 Saturni
965 1185 1076 1265 lilios:
1108 1185 1161 1255 illi
1187 1210 1274 1254 vero
1328 1197 1364 1255 et
1385 1208 1481 1254 nunc
1503 1182 1689 1257 Musarum
1719 1211 1843 1257 currus
1865 1180 2038 1274 celebrat,
2073 1202 2109 1259 et
2128 1205 2319 1287 promptus

282 1291 467 1383 palpebris
482 1302 704 1370 annuerunt;
731 1309 801 1360 nec
812 1288 920 1382 periit
938 1290 1073 1359 fructus
1086 1289 1274 1360 sermonis.
1327 1301 1380 1360 est
1402 1310 1531 1361 sonare
1553 1289 1682 1380 pugilis
1705 1289 1938 1376 memoriam,
1965 1304 2000 1362 et
2024 1317 2105 1364 eum
2122 1288 2318 1381 honorare,

283 1392 420 1464 Dicunt
443 1393 560 1477 enim,
599 1418 719 1485 regem
745 1392 898 1463 iunxisse
919 1390 1065 1484 nuptias
1087 1387 1275 1475 Thetidos‚
1327 1391 1390 1487 qui
1407 1403 1532 1463 nactus
1549 1405 1600 1462 cst
1614 1390 1783 1463 Doricam
1802 1417 1974 1464 coronam
1999 1420 2042 1474 eu
2071 1395 2156 1488 apio
2175 1397 2214 1467 in
2227 1395 2319 1473 lsth-

284 1509 320 1566 et
348 1495 446 1565 docti
470 1496 540 1565 viri
562 1495 788 1566 celebrarunt
810 1519 943 1564 novam
971 1494 1138 1565 virtutem
1155 1490 1275 1565 Achil·
1326 1493 1430 1578 miis‚
1469 1493 1555 1590 quia
1579 1494 1715 1566 vicinos
1739 1496 1843 1580 vicit,
1884 1497 2017 1568 invicta
2043 1523 2155 1570 manu
2180 1500 2318 1595 fugans,

282 1599 346 1682 lis,
381 1598 468 1689 ipsis
494 1598 761 1689 ignorantibus:
801 1599 899 1693 quod
929 1610 964 1667 et
985 1595 1141 1691 Mysium
1172 1599 1275 1691 nigra
1326 1622 1392 1668 nec
1406 1599 1598 1669 dedecorat
1611 1623 1721 1691 genus
1737 1599 1920 1692 patruelis.
1970 1600 2113 1698 Aliquis
2135 1601 2243 1675 etiam
2263 1607 2318 1677 iu·

286 1701 419 1784 caede,
451 1699 634 1771 vitiferum
656 1726 822 1795 campum
855 1724 1110 1793 conspergens,
1152 1702 1275 1771 vulne·
1326 1725 1459 1772 venum
1476 1727 1518 1772 ex
1539 1715 1659 1796 myrto
1674 1716 1793 1773 nectat
1810 1727 1981 1774 coronam
2003 1704 2202 1792 Cleandro,
2231 1706 2317 1802 (juia

283 1815 365 1871 rato
387 1798 550 1894 Telepho
572 1805 789 1889 cruentarit,
822 1801 914 1902 (Str.
935 1803 988 1901 6.)
1015 1816 1050 1873 et
1071 1816 1275 1875 construxe·
1327 1817 1363 1874 et
1380 1829 1479 1874 nunc
1499 1805 1538 1873 in
1551 1802 1716 1875 Alcathoi
1735 1830 1848 1898 agone
1864 1807 2040 1895 lelixluit,
2062 1819 2194 1881 etcum
2213 1811 2318 1902 prius

282 1904 331 1973 rit
363 1905 523 1975 reditum
546 1903 702 1993 Atridis,
743 1919 778 1978 et
797 1905 972 1977 Helenam
994 1907 1161 1994 solverit,
1193 1932 1275 1977 ner·
1326 1908 1365 1977 in
1383 1906 1567 2001 Epidauro
1605 1909 1770 1981 iuventus
1801 1911 1954 2003 excepit,
1993 1924 2028 1985 et
2048 1902 2208 2006 praebet*
2228 1937 2316 1983 eum

284 2030 349 2076 vos
372 2005 506 2078 Troiae
529 2009 737 2095 excindens,
763 2010 826 2106 qui
848 2010 964 2102 ipsam
980 2009 1130 2080 Troiam
1155 2010 1276 2080 delen·
1326 2011 1547 2101 laudandum
1592 2013 1708 2084 bonis.
1773 2012 2063 2087 Adolescentiam
2092 2012 2199 2087 enim
2238 2039 2316 2086 non

284 2109 415 2178 derant
435 2111 654 2202 proeliantes
675 2112 714 2184 in
736 2113 881 2206 pugnis:
923 2113 1089 2185 videlicet
1110 2112 1274 2184 Memno·
1325 2114 1495 2206 ignavam
1544 2115 1583 2183 in
1630 2117 1809 2209 palaestra
1856 2111 2092 2193 honestorum
2141 2116 2314 2193 iuvenum

1206 2285 1214 2302 ‚
1327 2218 1493 2290 exercuit.

315 2311 367 2372 ,19)
385 2310 536 2380 Arartdse]
556 2315 607 2370 Ed.
627 2313 702 2370 1563.
721 2315 852 2369 Aeacide.
