4762 6008
244 344 321 420 419
847 345 970 420 PHlb.
1003 344 1117 421 MEL.
1151 344 1354 420 SCRIPTA
1384 340 1719 418 PHILOLOGICA.
2205 344 2284 421 420

348 515 410 588 Vs.
433 515 519 589 126.
558 520 778 608 Narcissum]
806 515 993 588 Narcissus
1024 505 1077 588 est
1106 518 1232 589 similis
1283 510 1435 599 knecht,
1476 516 1559 608 quia
1591 512 1629 581 in
1653 512 1758 582 Creta
1789 511 1947 602 primum
1971 512 2167 602 patefactae
2194 533 2283 591 sunt

244 619 299 690 illi
319 619 421 703 flori,
464 640 571 711 quam
594 643 661 689 nos
684 643 853 689 vocamus
882 616 1099 704 colchicum,
1138 634 1233 713 zeyt-
1286 640 1397 686 venae
1419 617 1523 686 aeris.
1578 613 1664 685 Ideo
1687 614 1795 683 etiam
1819 616 1959 708 fingunt
1983 626 2111 704 poetae
2128 617 2280 693 Curetas

246 724 368 804 losen,
422 731 474 790 est
515 720 639 810 exigua
680 719 877 791 diversitas.
956 718 1162 792 Colchicum
1194 724 1233 790 in
1284 718 1527 789 tintinnabula
1555 719 1777 807 pulsassessbl
1829 712 2059 814 crepitantia]
2085 718 2169 812 qnia
2192 746 2279 816 apes

148 824 154 835 ’
245 822 446 914 Septembri
464 822 604 911 prodit,
631 834 664 891 et
682 835 733 893 est
748 834 968 914 postremum
988 825 1149 894 omnium
1168 824 1233 893 flo-
1285 844 1361 889 non
1374 821 1490 892 solum
1507 815 1641 890 habent
1663 818 1799 900 visum,
1833 821 1894 886 sed
1919 820 2028 887 etiam
2053 822 2218 894 auditum
2244 840 2282 897 et

245 948 341 995 rum.
398 920 440 992 ln
461 947 539 991 mea
561 927 678 1015 patria
704 936 755 995 cst
777 929 1015 1010 consuetudo,
1051 939 1092 997 ut
1110 927 1234 997 rustici
1286 923 1476 1006 olfactum,
1510 924 1608 1015 quod
1629 921 1713 988 inde
1743 919 1984 990 animadverti
2012 936 2151 1012 potest,
2194 927 2282 1021 quis

245 1027 394 1098 veniant
427 1024 466 1092 in
499 1026 626 1094 urbem
670 1029 790 1097 ornati
831 1025 1014 1112 colchico,
1059 1030 1234 1120 agitantes
1287 1025 1458 1095 odoribus
1489 1022 1695 1094 aromaticis
1727 1020 1945 1112 eplasiorum
1970 1037 2054 1093 sunt
2076 1027 2281 1100 inimicissi-

246 1126 434 1210 convivia,
459 1138 495 1196 et
511 1127 634 1199 dicunt
652 1153 687 1199 se
704 1130 766 1197 illo
790 1130 878 1199 flore
899 1130 1060 1213 moneri,
1090 1144 1132 1201 ut
1152 1133 1235 1201 sub-
1285 1149 1387 1209 mae,
1412 1128 1493 1196 dem
1511 1116 1859 1216 apoteclsergeruch,
1883 1137 1919 1193 et
1942 1118 2090 1218 quando
2114 1129 2279 1203 incidunt

246 1245 331 1301 eant
354 1253 449 1298 nova
475 1252 597 1321 opera.
719 1235 884 1326 1111111111]
917 1229 1118 1303 Branchiae
1143 1235 1235 1304 ursi·
1287 1229 1325 1297 in
1342 1229 1476 1298 olentes
1502 1228 1677 1319 graviter,
1711 1239 1796 1295 tunc
1819 1227 1992 1296 acerrime
2019 1252 2079 1300 eos
2094 1246 2279 1324 punguut3

246 1331 570 1416 nae,-berenklau.
1285 1330 1446 1401 fortassis
1468 1331 1577 1399 etiam
1602 1341 1742 1419 gustum
1767 1325 1917 1413 habent,
1958 1331 2042 1423 quia
2069 1356 2147 1403 non
2181 1336 2281 1405 colli·

346 1432 408 1505 Vs.
427 1429 512 1506 125.
539 1429 711 1531 Oebalios]
739 1433 857 1518 idest,
883 1435 1054 1520 Tarenti,
1081 1437 1165 1530 quia
1183 1447 1236 1507 est
1287 1445 1376 1525 gunt
1392 1457 1535 1503 succum
1552 1431 1687 1514 mellis,
1712 1429 1782 1500 nisi
1806 1454 1849 1499 ex
1864 1433 2072 1504 suavissime
2098 1437 2280 1510 olentibus

247 1537 393 1608 condita
416 1531 506 1606 haec
525 1537 611 1606 urbs
634 1535 985 1622 aLacedaemoniis,
1018 1538 1082 1632 qui
1104 1562 1235 1608 vocan·
1286 1533 1418 1605 herbis.
2310 1538 2314 1543 ’

245 1652 307 1711 tur
321 1637 493 1711 Oebaliae
508 1641 552 1708 ab
568 1637 706 1707 Oebalo
722 1664 815 1731 rege.
1388 1635 1449 1706 Vs.
1467 1632 1551 1709 152.
1577 1641 1689 1708 Antra
1705 1631 1864 1732 Dictaeo]
1891 1636 1928 1703 id
1953 1649 2025 1721 est,
2051 1638 2090 1707 in
2109 1638 2228 1712 Creta.

349 1740 411 1812 Vs.
430 1741 515 1814 127.
543 1734 736 1836 Corycium]
762 1743 878 1824 idest,
900 1743 1049 1812 militem
1067 1744 1234 1834 piratam.
1388 1737 1450 1808 Vs.
1470 1738 1554 1810 158.
1580 1735 1698 1837 Sotae]
1726 1741 1764 1807 id
1788 1751 1859 1822 est,
1891 1736 2026 1830 lupiter
2051 1742 2195 1811 ornavit
2217 1766 2283 1814 eas

247 1847 342 1920 Nam
366 1844 561 1934 Pompeius
584 1845 683 1912 dedit
706 1844 832 1934 piratis
854 1868 969 1933 agros.
1034 1844 1087 1914 lbi
1117 1844 1236 1938 inquit
1287 1842 1461 1912 industria
1478 1842 2165 1933 singularipraecaeterisanimantibus,
2183 1843 2276 1914 sicut

248 1947 355 2018 fuisse
378 1946 528 2015 militem
552 1947 752 2040 quendam,
794 1946 856 2038 qui
878 1942 1044 2016 babuerit
1063 1972 1233 2040 magnum
1286 1945 1399 2013 multa
1416 1944 1585 2012 animalia
1610 1946 1784 2038 quaedam
1808 1943 2000 2035 peculiaria
2019 1941 2164 2017 habent.
2213 1944 2281 2014 Pi·

250 2060 436 2144 quaestum
453 2073 495 2118 ex
510 2044 618 2117 horto
634 2072 712 2119 suo.
763 2047 960 2118 Columella
986 2049 1093 2118 etiam
1113 2049 1237 2121 scribit
1287 2070 1348 2116 cus
1365 2057 1417 2115 est
1431 2045 1550 2136 imago
1567 2046 1698 2143 ingrati
1713 2046 1855 2131 mariti,
1882 2047 1964 2140 quia
1981 2048 2046 2116 suh
2062 2060 2277 2118 autumnum

251 2153 431 2245 quendam
463 2149 756 2240 patremfamilias
786 2149 970 2244 reliquisse
995 2153 1134 2223 duobus
1156 2151 1237 2221 liliis
1288 2148 1384 2217 eiicit
1401 2148 1609 2239 coniugem,
1634 2173 1680 2218 ne
1698 2159 1847 2239 cogatur
1864 2172 1929 2240 per
1943 2146 2108 2241 hyemem
2124 2150 2278 2241 nutrire,

250 2276 400 2345 agrum,
424 2251 505 2322 illos
519 2265 638 2321 autem
656 2252 871 2322 convertisse
889 2276 1014 2342 agrum
1039 2255 1077 2322 in
1099 2251 1237 2337 hortos,
1288 2262 1409 2341 postea
1426 2249 1464 2317 iu
1481 2274 1563 2320 vere
1578 2251 1707 2342 recipit
1720 2254 1765 2320 ad
1782 2274 1832 2321 se.
1882 2249 1970 2320 ltem
1991 2247 2060 2322 hoc
2082 2253 2191 2322 etiam
2214 2254 2278 2322 ob-

252 2368 289 2426 et
317 2354 511 2448 quotannis
542 2378 585 2422 ex
616 2352 686 2422 illis
715 2349 879 2423 babuisse
902 2358 1073 2427 ducentos
1096 2380 1236 2426 aureos.
1288 2354 1505 2423 servandum
1523 2365 1596 2436 est,
1624 2355 1722 2447 quod
1737 2353 1876 2444 apicula
1892 2367 2011 2446 potest
2027 2348 2275 2449 viverentque

250 2455 304 2527 lta
321 2480 473 2545 magnus
488 2457 668 2549 profectus
683 2468 735 2524 est
751 2480 793 2524 cx
809 2452 934 2527 bortis.
1116 2468 1119 2473 '
1289 2457 1335 2524 ad
1351 2453 1528 2525 decimum
1547 2479 1703 2540 annum,
1733 2456 1946 2546 regulariter
1966 2482 2027 2529 sex
2052 2480 2192 2530 annoa-
2227 2455 2275 2527 Et

353 2558 415 2629 Vs.
433 2560 516 2629 161.
548 2553 738 2654 Verbanus]
766 2557 992 2630 Eisenkraut.
1081 2567 1237 2632 Vercass-
1288 2556 1427 2627 nullum
1443 2551 1908 2630 insectum'tamdiudurat.

252 2684 316 2758 que
334 2662 498 2753 papaver]
523 2661 560 2730 id
588 2674 660 2742 est,
693 2659 888 2752 insipidum
915 2674 1064 2753 propter
1084 2663 1235 2731 nimiam
1388 2657 1450 2728 Vs.
1469 2658 1552 2731 154.
1581 2662 1731 2753 Habeat]
1761 2659 1896 2745 idest,
1927 2656 2061 2732 habeut
2081 2661 2278 2755 imaginem

249 2761 504 2835 humiditatem
521 2776 555 2833 et
569 2762 813 2854 frigiditatem.
1290 2759 1403 2831 civilis
1421 2762 1526 2833 vitae.
1618 2759 1786 2860 [Magais]
1814 2763 1937 2848 idest,
1961 2765 2207 2847 naturalibus,
2225 2763 2277 2833 sie

353 2863 415 2937 Vs.
432 2866 516 2938 137.
542 2867 608 2936 Ille
620 2860 764 2965 marum]
786 2864 847 2935 llle
862 2891 941 2936 mos
964 2861 1080 2935 adhuc
1106 2866 1238 2935 mansit
1289 2859 1412 2932 balteo
1429 2858 1507 2933 ihre
1522 2866 1627 2954 leges.
1678 2864 1893 2935 Hominibus
1907 2859 2014 2934 etiam
2033 2877 2085 2936 est
2100 2865 2276 2956 impressa

249 2970 289 3039 in
304 2967 427 3053 ltalia,
452 2983 493 3040 ut
506 2992 611 3061 saepe
629 2981 816 3039 vescantur
839 2963 977 3049 herbis,
1003 2967 1094 3037 sicut
1113 2989 1238 3037 narra·
1290 2965 1366 3048 lex,
1390 2967 1452 3035 sed
1467 2967 1528 3035 illa
1546 2979 1599 3037 est
1613 2969 1797 3058 corruptio
1814 2964 2021 3052 homiuum,
2051 2979 2187 3037 utnon
2210 2966 2276 3035 ob·

250 3085 311 3143 tur
328 3072 427 3141 iocus
444 3076 487 3141 de
501 3071 637 3162 pictore
653 3072 823 3163 quodam.
874 3066 906 3137 ls
921 3069 959 3137 in
975 3082 1108 3138 aestate
1122 3094 1239 3139 come-
1290 3081 1491 3159 temperent
1505 3070 1574 3159 legi
1590 3082 1753 3141 naturae.
1792 3070 1945 3166 Reliqua
1960 3069 2279 3140 animantia-bruta

251 3173 356 3243 derat
374 3169 503 3242 herhas
525 3174 621 3263 apud
642 3196 745 3241 suum
770 3171 957 3240 dominum
983 3170 1021 3239 in
1045 3169 1170 3255 ltalia,
1204 3185 1239 3242 et
1291 3171 1412 3239 omnia
1429 3173 1680 3263 obtemperant
1696 3173 1830 3264 legibus
1847 3188 2010 3245 naturae.

253 3298 335 3345 cnm
352 3273 503 3342 instaret
517 3268 662 3365 hyems,
687 3273 801 3342 voluit
814 3273 1007 3344 discedere.
1059 3272 1239 3345 Dominus
1391 3271 1452 3346 Vs.
1471 3272 1555 3346 156.
1603 3278 1848 3372 Venturoeqrse]
1879 3276 1917 3346 id
1943 3288 2014 3360 est,
2047 3286 2131 3347 sunt
2157 3272 2280 3365 provi·

252 3375 507 3465 interrogavit,
542 3374 630 3468 quid
651 3396 776 3444 causae
798 3369 966 3458 haberet,
1000 3399 1063 3445 cur
1084 3377 1239 3448 discede·
1291 3377 1427 3448 dentes.

250 3492 319 3550 ret.
371 3473 654 3568 lllerespondit,
679 3471 771 3544 nihil
787 3480 1002 3562 admodum,
1028 3481 1089 3549 sed
1110 3480 1238 3564 vereri,
1390 3477 1451 3547 Vs.
1473 3475 1555 3548 158.
1599 3483 1713 3573 Victa]
1747 3483 1880 3565 idest,
1919 3481 2041 3551 victui.
2092 3476 2279 3566 ‚merobis

253 3580 337 3675 quia
370 3602 436 3670 per
469 3588 637 3650 aestatem
672 3574 801 3649 herbas
834 3581 1070 3666 comedisset,
1121 3607 1166 3652 ne
1200 3583 1238 3651 in
1290 3580 1361 3648 iam
1395 3580 1637 3651 diversitatem
1670 3609 1841 3675 operum,
1881 3584 1974 3655 aliae
1998 3582 2133 3652 faciunt
2157 3579 2279 3660 mella,

251 3679 381 3777 hyeme
396 3681 541 3750 foenum
559 3684 664 3751 edere
681 3696 878 3773 cogeretur.
1292 3682 1384 3751 aliae
1398 3679 1580 3753 advehunt
1595 3711 1758 3768 succum,
1785 3687 1875 3754 aliae
1891 3686 2056 3755 excubias
2070 3694 2191 3776 agunt.
2227 3714 2230 3723 ·

335 3781 415 3855 'Vs
436 3782 520 3856 141.
548 3787 673 3878 Pinus]
699 3784 734 3853 id
752 3797 823 3868 est,
850 3810 957 3856 nuces
974 3785 1108 3878 pineas.
1390 3782 1687 3884 1115111111]
1712 3789 1780 3858 Ein
1805 3789 1876 3880 teyl
1897 3789 2007 3879 ileugt
2032 3812 2108 3858 aus.
2157 3783 2282 3854 lunio-

353 3885 415 3959 Vs.
433 3880 517 3958 145.
553 3891 767 3984 ffluromque
785 3889 916 3980 piram]
942 3888 1016 3957 Der
1040 3886 1140 3959 nieht
1161 3914 1238 3960 seer
1291 3909 1348 3956 res
1376 3889 1540 3974 evolant,
1581 3892 1776 3962 adultiores
1805 3904 1953 3960 manent
1982 3891 2020 3958 in
2052 3886 2153 3959 tectis
2180 3888 2282 3956 iuxta

251 3986 337 4060 hart
357 3989 415 4060 ist.
474 3988 563 4060 Tale
588 4003 660 4073 est,
691 3994 820 4080 egelida
849 4015 961 4085 aqua,
998 3991 1034 4058 id
1059 4004 1130 4074 est,
1163 4016 1238 4061 non
1290 3989 1854 4094 111111111111,ἐ’ργανεῶ1’111.,
1887 3995 2012 4076 idest,
2045 3993 2192 4063 iuvenes
2217 3991 2282 4058 de-

253 4092 358 4162 valde
383 4090 511 4181 gelida.
628 4093 773 4182 Spirae]
801 4093 931 4182 Spinus
952 4116 1080 4180 genere
1102 4117 1239 4164 mascu-
1289 4092 1376 4163 hent
1396 4095 1582 4180 laborare,
1616 4121 1690 4168 esse
1714 4097 1751 4165 in
1774 4096 1893 4188 operis
1916 4095 2086 4179 militiae,
2119 4091 2282 4163 seniores

252 4194 330 4263 lino
355 4190 492 4286 (inquit
514 4190 675 4285 Servius)
699 4193 873 4283 siguificat
902 4193 1069 4261 arborem
1104 4219 1239 4286 pruno·
1291 4196 1422 4266 debent
1443 4199 1543 4268 domi
1568 4202 1691 4269 sedere
1714 4202 1759 4268 ad
1788 4198 2049 4290 gubernacula,
2091 4218 2215 4285 regere
2243 4205 2281 4263 et

252 4319 358 4376 rum,
386 4295 705 4385 pflaumenhaum.
755 4291 901 4386 Alioqui
926 4295 1033 4386 vulgo
1056 4312 1239 4389 exponunt
1290 4300 1490 4388 gubernare
1506 4301 1666 4370 consilia.
1753 4298 1860 4399 Pers]
1882 4301 2004 4384 idest,
2031 4297 2254 4390 grandiores.

253 4396 396 4489 spinum
410 4420 478 4486 pro
493 4396 635 4466 acatiis.
661 4391 862 4467 schledorn.
1392 4398 1453 4471 Vs.
1474 4400 1558 4473 160.
1583 4396 1829 4496 Loclrryrrsam]
1847 4408 1883 4474 id
1900 4416 1970 4486 est,
1995 4401 2185 4495 liquorem.
2211 4396 2281 4466 Est

353 4495 414 4568 Vs.
435 4496 519 4569 146.
545 4499 745 4590 Platorium]
769 4511 822 4570 est
839 4499 948 4569 arbor
965 4501 1112 4594 proprie
1127 4503 1237 4575 Grae·
1289 4503 1460 4573 usitatum
1491 4506 1706 4574 vocabulum
1736 4498 1906 4589 medicis,
1946 4527 2164 4599 quamquam
2191 4510 2281 4568 aunt

253 4624 313 4686 ca,
337 4600 486 4681 sterilis,
510 4600 636 4671 similis
651 4600 760 4671 tiliae.
1289 4603 1494 4676 discrimina
1510 4605 1605 4676 inter
1619 4605 1841 4701 lachrymam
1861 4622 2061 4679 etsuccum.
2132 4602 2281 4692 Glrsten]

352 4703 415 4775 Vs.
434 4697 519 4774 149.
540 4705 732 4796 Nuncoqe]
759 4700 827 4773 lste
841 4716 893 4774 est
908 4704 1007 4776 locus
1027 4706 1238 4780 iucundissi·
1289 4709 1326 4776 id
1349 4719 1420 4791 est,
1447 4708 1636 4799 glutinum.
1694 4713 1788 4803 Apes
1811 4707 2017 4782 convehunt
2038 4705 2169 4800 partim
2197 4727 2282 4774 sue-

198 4814 202 4821 '
250 4831 330 4877 mus
345 4802 452 4878 huius
466 4806 566 4891 libri,
593 4822 783 4899 propterea
801 4810 898 4901 quod
919 4811 1087 4880 describit
1107 4814 1237 4883 multas
1289 4836 1369 4880 cum
1400 4837 1442 4880 ex
1468 4811 1616 4885 floribus
1640 4810 1826 4899 haustum,
1867 4813 1999 4906 partim
2032 4809 2169 4902 gummi
2205 4804 2283 4875 col·

248 4911 508 5000 proprietates,
547 4922 583 4980 et
606 4924 647 4981 ut
675 4909 723 4979 ita
747 4911 884 4994 dicam,
917 4914 1090 5005 dynames
1116 4938 1236 5006 apum.
1288 4915 1417 4984 lectum
1449 4938 1491 4984 ex
1523 4917 1730 5003 arboribus,
1770 4929 1805 4986 et
1826 4939 1868 4986 ex
1891 4918 1954 4984 illo
1981 4914 2119 5006 gummi
2140 4909 2282 4982 faciunt

250 5009 321 5081 Sed
337 5011 493 5101 primum
510 5012 612 5083 addit
625 5012 802 5106 poeticam
815 5013 1013 5104 picturam,
1038 5017 1135 5109 quod
1153 5018 1237 5089 istas
1289 5017 1463 5107 glutinum
1482 5030 1516 5087 et
1531 5043 1669 5102 caeras,
1695 5044 1738 5089 ex
1752 5016 1857 5089 succo
1872 5019 1992 5090 mella.

249 5112 488 5203 proprietates
511 5128 547 5184 et
568 5118 662 5187 dona
686 5117 877 5185 donaverit
902 5116 952 5187 eis
968 5115 1120 5209 Iupiter,
1152 5144 1236 5211 pro·
1390 5119 1450 5191 Vs.
1470 5121 1555 5194 168.
1594 5122 1889 5214 Edaesatsoetas]
1929 5120 2060 5202 idest,
2103 5115 2280 5186 incubant

250 5224 371 5305 pterea
388 5217 486 5307 quod
502 5239 579 5284 eam
595 5231 769 5308 paverant
783 5219 821 5287 in
841 5218 960 5289 Creta.
1288 5223 1502 5296 vermiculis.
1553 5221 1693 5316 Legunt
1710 5228 1890 5320 quendam
1917 5225 2054 5292 bonum
2083 5232 2118 5288 et
2141 5241 2278 5309 purum

351 5312 1119 5416 11151.01111111]111111,111111111111.
1150 5321 1237 5391 Cae·
1286 5348 1427 5408 rorem,
1467 5328 1674 5416 praesertim
1704 5329 1742 5397 in
1775 5329 1871 5397 oleae
1892 5327 1986 5395 soliis
2009 5325 2110 5391 illum
2138 5321 2278 5410 impor-

250 5430 367 5488 terum
386 5416 534 5489 Curetes
547 5420 692 5491 fuerunt
714 5423 904 5513 peculiaris
929 5425 1083 5515 populus
1099 5423 1238 5510 Cretae,
1286 5438 1384 5511 tant,
1409 5439 1446 5495 et
1462 5428 1515 5496 illi
1531 5429 1714 5502 incubant.
1751 5428 1837 5500 lnde
1851 5441 1974 5523 postea
1990 5429 2029 5496 fit
2045 5422 2280 5505 vermiculus,

251 5532 289 5591 et
317 5521 405 5596 alias
431 5535 607 5596 vocantur
630 5520 730 5594 Idaei
751 5525 906 5618 dactyli,
945 5527 1074 5612 idest,
1113 5528 1239 5599 1111111-
1287 5530 1346 5601 cui
1359 5531 1530 5602 accedunt
1544 5532 1642 5618 alae,
1667 5545 1704 5603 et
1718 5535 1865 5628 quando
1888 5556 1951 5602 rex
1977 5528 2122 5623 predits
2146 5550 2192 5596 eu
2210 5546 2278 5595 an·
