<?xml version="1.0" encoding="UTF-8"?>
<!DOCTYPE html PUBLIC "-//W3C//DTD XHTML 1.0 Transitional//EN"
    "http://www.w3.org/TR/xhtml1/DTD/xhtml1-transitional.dtd">
<html xmlns="http://www.w3.org/1999/xhtml" xml:lang="en" lang="en">
 <head>
  <title>
</title>
<meta http-equiv="Content-Type" content="text/html;charset=utf-8" />
  <meta name='ocr-system' content='tesseract 3.04.00' />
  <meta name='ocr-capabilities' content='ocr_page ocr_carea ocr_par ocr_line ocrx_word'/>
</head>
<body>
  <div class='ocr_page' id='page_1' title='image "./philippimelanth03melagoog_0210.png"; bbox 0 0 4762 6008; ppageno 0'>
   <div class='ocr_carea' id='block_1_1' title="bbox 22 1459 224 1529">
    <p class='ocr_par' dir='ltr' id='par_1_1' title="bbox 22 1459 224 1529">
     <span class='ocr_line' id='line_1_1' title="bbox 22 1459 224 1529; baseline -0.015 0"><span class='ocrx_word' id='word_1_1' title='bbox 22 1515 25 1519; x_wconf 88' lang='lat'><strong>.</strong></span> <span class='ocrx_word' id='word_1_2' title='bbox 105 1459 224 1529; x_wconf 89' lang='lat' dir='ltr'><strong>lenae.</strong></span> 
     </span>
    </p>
   </div>
   <div class='ocr_carea' id='block_1_2' title="bbox 105 275 181 348">
    <p class='ocr_par' dir='ltr' id='par_1_2' title="bbox 105 275 181 348">
     <span class='ocr_line' id='line_1_2' title="bbox 105 275 181 348; baseline -0.013 0"><span class='ocrx_word' id='word_1_3' title='bbox 105 275 181 348; x_wconf 75' lang='grc'><strong>398</strong></span> 
     </span>
    </p>
   </div>
   <div class='ocr_carea' id='block_1_3' title="bbox 104 442 1095 2469">
    <p class='ocr_par' dir='ltr' id='par_1_3' title="bbox 107 442 1094 619">
     <span class='ocr_line' id='line_1_3' title="bbox 207 442 1094 535; baseline -0.002 -25"><span class='ocrx_word' id='word_1_4' title='bbox 207 444 268 514; x_wconf 87' lang='grc' dir='ltr'><strong>νε.</strong></span> <span class='ocrx_word' id='word_1_5' title='bbox 284 443 370 513; x_wconf 82' lang='grc'><strong>898.</strong></span> <span class='ocrx_word' id='word_1_6' title='bbox 399 446 572 535; x_wconf 72' lang='lat' dir='ltr'><strong>Exhausti</strong></span> <span class='ocrx_word' id='word_1_7' title='bbox 587 446 673 512; x_wconf 82' lang='lat' dir='ltr'><strong>satia</strong></span> <span class='ocrx_word' id='word_1_8' title='bbox 688 442 754 532; x_wconf 80' lang='lat' dir='ltr'><strong>eet]</strong></span> <span class='ocrx_word' id='word_1_9' title='bbox 782 442 819 508; x_wconf 94' lang='lat' dir='ltr'><strong>id</strong></span> <span class='ocrx_word' id='word_1_10' title='bbox 843 455 915 525; x_wconf 90' lang='lat' dir='ltr'><strong>est,</strong></span> <span class='ocrx_word' id='word_1_11' title='bbox 951 454 1094 532; x_wconf 84' lang='lat' dir='ltr'><strong>oportet</strong></span> 
     </span>
     <span class='ocr_line' id='line_1_4' title="bbox 107 542 739 619; baseline -0.009 -1"><span class='ocrx_word' id='word_1_12' title='bbox 107 549 255 619; x_wconf 84' lang='lat' dir='ltr'><strong>subinde</strong></span> <span class='ocrx_word' id='word_1_13' title='bbox 272 547 438 612; x_wconf 87' lang='lat' dir='ltr'><strong>renovari</strong></span> <span class='ocrx_word' id='word_1_14' title='bbox 455 542 550 612; x_wconf 86' lang='lat' dir='ltr'><strong>lrunc</strong></span> <span class='ocrx_word' id='word_1_15' title='bbox 565 545 739 612; x_wconf 89' lang='lat' dir='ltr'><strong>laborem.</strong></span> 
     </span>
    </p>

    <p class='ocr_par' dir='ltr' id='par_1_4' title="bbox 108 640 1095 938">
     <span class='ocr_line' id='line_1_5' title="bbox 207 640 1095 740; baseline -0.002 -26"><span class='ocrx_word' id='word_1_16' title='bbox 207 646 268 717; x_wconf 86' lang='lat' dir='ltr'><strong>Vs.</strong></span> <span class='ocrx_word' id='word_1_17' title='bbox 285 644 373 718; x_wconf 87' lang='grc'><strong>407.</strong></span> <span class='ocrx_word' id='word_1_18' title='bbox 407 650 632 740; x_wconf 78' lang='lat' dir='ltr'><strong>Persequitur</strong></span> <span class='ocrx_word' id='word_1_19' title='bbox 652 640 769 740; x_wconf 83' lang='lat' dir='ltr'><strong>vitem]</strong></span> <span class='ocrx_word' id='word_1_20' title='bbox 806 667 890 711; x_wconf 89' lang='lat' dir='ltr'><strong>man</strong></span> <span class='ocrx_word' id='word_1_21' title='bbox 914 669 1010 715; x_wconf 89' lang='lat' dir='ltr'><strong>muss</strong></span> <span class='ocrx_word' id='word_1_22' title='bbox 1035 646 1095 713; x_wconf 92' lang='lat' dir='ltr'><strong>be·</strong></span> 
     </span>
     <span class='ocr_line' id='line_1_6' title="bbox 108 746 1092 839; baseline -0.009 -19"><span class='ocrx_word' id='word_1_23' title='bbox 108 746 323 839; x_wconf 89' lang='lat' dir='ltr'><strong>sclmeyden.</strong></span> <span class='ocrx_word' id='word_1_24' title='bbox 1084 746 1092 759; x_wconf 80' lang='lat'>&#39;</span> 
     </span>
     <span class='ocr_line' id='line_1_7' title="bbox 210 845 1037 938; baseline 0.002 -24"><span class='ocrx_word' id='word_1_25' title='bbox 210 848 271 918; x_wconf 89' lang='lat' dir='ltr'><strong>Vs.</strong></span> <span class='ocrx_word' id='word_1_26' title='bbox 287 848 373 921; x_wconf 88' lang='grc'><strong>408.</strong></span> <span class='ocrx_word' id='word_1_27' title='bbox 399 852 538 918; x_wconf 79' lang='lat' dir='ltr'><strong>Primus</strong></span> <span class='ocrx_word' id='word_1_28' title='bbox 554 850 707 938; x_wconf 74' lang='lat' dir='ltr'><strong>hiemum]</strong></span> <span class='ocrx_word' id='word_1_29' title='bbox 733 846 866 917; x_wconf 89' lang='lat' dir='ltr'><strong>scilicet</strong></span> <span class='ocrx_word' id='word_1_30' title='bbox 887 845 925 915; x_wconf 90' lang='lat' dir='ltr'><strong>in</strong></span> <span class='ocrx_word' id='word_1_31' title='bbox 943 870 1037 916; x_wconf 89' lang='lat' dir='ltr'><strong>vere.</strong></span> 
     </span>
    </p>

    <p class='ocr_par' dir='ltr' id='par_1_5' title="bbox 106 948 1094 1139">
     <span class='ocr_line' id='line_1_8' title="bbox 210 948 1094 1041; baseline -0.005 -22"><span class='ocrx_word' id='word_1_32' title='bbox 210 950 270 1020; x_wconf 84' lang='lat' dir='ltr'><strong>Vs.</strong></span> <span class='ocrx_word' id='word_1_33' title='bbox 287 949 375 1021; x_wconf 89' lang='grc'><strong>409.</strong></span> <span class='ocrx_word' id='word_1_34' title='bbox 398 953 599 1041; x_wconf 74' lang='lat' dir='ltr'><strong><em>Sarmenta]</em></strong></span> <span class='ocrx_word' id='word_1_35' title='bbox 624 951 662 1017; x_wconf 93' lang='lat' dir='ltr'><strong>id</strong></span> <span class='ocrx_word' id='word_1_36' title='bbox 679 961 752 1032; x_wconf 91' lang='lat' dir='ltr'><strong>est,</strong></span> <span class='ocrx_word' id='word_1_37' title='bbox 779 949 838 1017; x_wconf 92' lang='lat' dir='ltr'><strong>illa</strong></span> <span class='ocrx_word' id='word_1_38' title='bbox 855 948 1013 1039; x_wconf 88' lang='lat' dir='ltr'><strong>praecisa</strong></span> <span class='ocrx_word' id='word_1_39' title='bbox 1036 971 1094 1016; x_wconf 89' lang='lat' dir='ltr'><strong>ra-</strong></span> 
     </span>
     <span class='ocr_line' id='line_1_9' title="bbox 106 1052 952 1139; baseline -0.014 -15"><span class='ocrx_word' id='word_1_40' title='bbox 106 1066 226 1139; x_wconf 87' lang='lat' dir='ltr'><strong>menta</strong></span> <span class='ocrx_word' id='word_1_41' title='bbox 242 1052 382 1122; x_wconf 88' lang='lat' dir='ltr'><strong>vitium.</strong></span> <span class='ocrx_word' id='word_1_42' title='bbox 949 1126 952 1131; x_wconf 20' lang='grc' dir='ltr'>Ι</span> 
     </span>
    </p>

    <p class='ocr_par' dir='ltr' id='par_1_6' title="bbox 104 1146 1095 2469">
     <span class='ocr_line' id='line_1_10' title="bbox 209 1146 1094 1242; baseline 0.001 -22"><span class='ocrx_word' id='word_1_43' title='bbox 209 1152 269 1224; x_wconf 93' lang='grc' dir='ltr'><strong>νε.</strong></span> <span class='ocrx_word' id='word_1_44' title='bbox 284 1156 372 1225; x_wconf 88' lang='grc'><strong>410.</strong></span> <span class='ocrx_word' id='word_1_45' title='bbox 398 1151 609 1242; x_wconf 79' lang='lat' dir='ltr'><strong>Postremae]</strong></span> <span class='ocrx_word' id='word_1_46' title='bbox 634 1146 675 1219; x_wconf 93' lang='lat' dir='ltr'><strong>ln</strong></span> <span class='ocrx_word' id='word_1_47' title='bbox 692 1149 779 1219; x_wconf 90' lang='lat' dir='ltr'><strong>locis</strong></span> <span class='ocrx_word' id='word_1_48' title='bbox 803 1150 1094 1221; x_wconf 77' lang='lat' dir='ltr'><strong>foecundioribus</strong></span> 
     </span>
     <span class='ocr_line' id='line_1_11' title="bbox 108 1252 1094 1347; baseline -0.006 -22"><span class='ocrx_word' id='word_1_49' title='bbox 108 1268 159 1328; x_wconf 91' lang='lat' dir='ltr'><strong>est</strong></span> <span class='ocrx_word' id='word_1_50' title='bbox 175 1255 354 1323; x_wconf 90' lang='lat' dir='ltr'><strong>vindemia</strong></span> <span class='ocrx_word' id='word_1_51' title='bbox 369 1255 554 1347; x_wconf 88' lang='lat' dir='ltr'><strong>aliquanto</strong></span> <span class='ocrx_word' id='word_1_52' title='bbox 571 1252 702 1334; x_wconf 89' lang='lat' dir='ltr'><strong>serior,</strong></span> <span class='ocrx_word' id='word_1_53' title='bbox 729 1276 836 1344; x_wconf 88' lang='lat' dir='ltr'><strong>quam</strong></span> <span class='ocrx_word' id='word_1_54' title='bbox 853 1252 892 1320; x_wconf 93' lang='lat' dir='ltr'><strong>in</strong></span> <span class='ocrx_word' id='word_1_55' title='bbox 916 1254 1004 1323; x_wconf 92' lang='lat' dir='ltr'><strong>locis</strong></span> <span class='ocrx_word' id='word_1_56' title='bbox 1026 1254 1094 1321; x_wconf 84' lang='lat' dir='ltr'><strong>nri-</strong></span> 
     </span>
     <span class='ocr_line' id='line_1_12' title="bbox 107 1349 1093 1448; baseline -0.005 -21"><span class='ocrx_word' id='word_1_57' title='bbox 107 1384 175 1428; x_wconf 91' lang='lat' dir='ltr'><strong>nus</strong></span> <span class='ocrx_word' id='word_1_58' title='bbox 191 1357 394 1427; x_wconf 81' lang='lat' dir='ltr'>foecundis:</span> <span class='ocrx_word' id='word_1_59' title='bbox 422 1367 463 1425; x_wconf 90' lang='lat' dir='ltr'><strong>ut</strong></span> <span class='ocrx_word' id='word_1_60' title='bbox 476 1354 515 1421; x_wconf 95' lang='lat' dir='ltr'><strong>in</strong></span> <span class='ocrx_word' id='word_1_61' title='bbox 532 1349 660 1423; x_wconf 87' lang='lat' dir='ltr'>Rheno</span> <span class='ocrx_word' id='word_1_62' title='bbox 679 1367 730 1423; x_wconf 85' lang='lat' dir='ltr'><strong>est</strong></span> <span class='ocrx_word' id='word_1_63' title='bbox 750 1355 863 1443; x_wconf 81' lang='lat' dir='ltr'><strong>magis</strong></span> <span class='ocrx_word' id='word_1_64' title='bbox 884 1379 962 1424; x_wconf 87' lang='lat' dir='ltr'><strong>sera</strong></span> <span class='ocrx_word' id='word_1_65' title='bbox 985 1380 1093 1448; x_wconf 90' lang='lat' dir='ltr'><strong>quarn</strong></span> 
     </span>
     <span class='ocr_line' id='line_1_13' title="bbox 348 1451 1094 1547; baseline -0.004 -20"><span class='ocrx_word' id='word_1_66' title='bbox 348 1462 415 1531; x_wconf 79' lang='lat' dir='ltr'><strong>Bia</strong></span> <span class='ocrx_word' id='word_1_67' title='bbox 436 1459 575 1547; x_wconf 77' lang='lat' dir='ltr'><strong>vitibus]</strong></span> <span class='ocrx_word' id='word_1_68' title='bbox 609 1457 645 1523; x_wconf 91' lang='lat' dir='ltr'><strong>id</strong></span> <span class='ocrx_word' id='word_1_69' title='bbox 674 1468 744 1537; x_wconf 88' lang='lat' dir='ltr'><strong>est,</strong></span> <span class='ocrx_word' id='word_1_70' title='bbox 777 1456 832 1525; x_wconf 93' lang='lat' dir='ltr'><strong>bis</strong></span> <span class='ocrx_word' id='word_1_71' title='bbox 856 1451 992 1526; x_wconf 89' lang='lat' dir='ltr'><strong>babent</strong></span> <span class='ocrx_word' id='word_1_72' title='bbox 1016 1482 1094 1525; x_wconf 92' lang='lat' dir='ltr'><strong>um-</strong></span> 
     </span>
     <span class='ocr_line' id='line_1_14' title="bbox 106 1558 1094 1651; baseline 0 -20"><span class='ocrx_word' id='word_1_73' title='bbox 106 1564 229 1642; x_wconf 91' lang='lat' dir='ltr'><strong>bram,</strong></span> <span class='ocrx_word' id='word_1_74' title='bbox 270 1560 426 1651; x_wconf 90' lang='lat' dir='ltr'><strong>primum</strong></span> <span class='ocrx_word' id='word_1_75' title='bbox 464 1582 636 1640; x_wconf 89' lang='lat' dir='ltr'><strong>vernam,</strong></span> <span class='ocrx_word' id='word_1_76' title='bbox 676 1558 804 1627; x_wconf 88' lang='lat' dir='ltr'><strong>deinde</strong></span> <span class='ocrx_word' id='word_1_77' title='bbox 837 1560 1094 1642; x_wconf 76' lang='lat' dir='ltr'><strong>autumnalem,</strong></span> 
     </span>
     <span class='ocr_line' id='line_1_15' title="bbox 107 1659 1008 1752; baseline -0.002 -20"><span class='ocrx_word' id='word_1_78' title='bbox 107 1665 163 1733; x_wconf 88' lang='lat' dir='ltr'><strong>vel</strong></span> <span class='ocrx_word' id='word_1_79' title='bbox 180 1664 230 1732; x_wconf 90' lang='lat' dir='ltr'><strong>sic</strong></span> <span class='ocrx_word' id='word_1_80' title='bbox 243 1662 298 1732; x_wconf 90' lang='lat' dir='ltr'><strong>bis</strong></span> <span class='ocrx_word' id='word_1_81' title='bbox 315 1662 514 1752; x_wconf 90' lang='lat' dir='ltr'><strong>putandum</strong></span> <span class='ocrx_word' id='word_1_82' title='bbox 531 1673 601 1742; x_wconf 87' lang='lat' dir='ltr'><strong>est,</strong></span> <span class='ocrx_word' id='word_1_83' title='bbox 631 1660 740 1727; x_wconf 89' lang='lat' dir='ltr'><strong>arbor</strong></span> <span class='ocrx_word' id='word_1_84' title='bbox 757 1673 791 1729; x_wconf 89' lang='lat' dir='ltr'><strong>et</strong></span> <span class='ocrx_word' id='word_1_85' title='bbox 805 1659 899 1730; x_wconf 90' lang='lat' dir='ltr'><strong>vitis.</strong></span> <span class='ocrx_word' id='word_1_86' title='bbox 1005 1714 1008 1719; x_wconf 83' lang='lat'><em>-</em></span> 
     </span>
     <span class='ocr_line' id='line_1_16' title="bbox 120 1757 1093 1853; baseline -0.003 -20"><span class='ocrx_word' id='word_1_87' title='bbox 120 1802 135 1833; x_wconf 74' lang='lat'><strong>··</strong></span> <span class='ocrx_word' id='word_1_88' title='bbox 208 1763 269 1834; x_wconf 89' lang='lat' dir='ltr'><strong>Vs.</strong></span> <span class='ocrx_word' id='word_1_89' title='bbox 295 1762 381 1837; x_wconf 75' lang='lat'><strong>412.</strong></span> <span class='ocrx_word' id='word_1_90' title='bbox 429 1766 584 1833; x_wconf 75' lang='lat' dir='ltr'><strong>Laudato</strong></span> <span class='ocrx_word' id='word_1_91' title='bbox 614 1764 899 1853; x_wconf 67' lang='lat' dir='ltr'><strong>inperitiarum]</strong></span> <span class='ocrx_word' id='word_1_92' title='bbox 938 1757 1093 1833; x_wconf 87' lang='lat' dir='ltr'><strong>Pulchra</strong></span> 
     </span>
     <span class='ocr_line' id='line_1_17' title="bbox 106 1860 1093 1955; baseline -0.004 -16"><span class='ocrx_word' id='word_1_93' title='bbox 106 1865 294 1939; x_wconf 88' lang='lat' dir='ltr'><strong>sententia.</strong></span> <span class='ocrx_word' id='word_1_94' title='bbox 362 1865 545 1955; x_wconf 85' lang='lat' dir='ltr'><strong>Significat</strong></span> <span class='ocrx_word' id='word_1_95' title='bbox 573 1877 692 1935; x_wconf 88' lang='lat' dir='ltr'><strong>autem</strong></span> <span class='ocrx_word' id='word_1_96' title='bbox 715 1865 842 1935; x_wconf 89' lang='lat' dir='ltr'><strong>melius</strong></span> <span class='ocrx_word' id='word_1_97' title='bbox 866 1889 939 1935; x_wconf 91' lang='lat' dir='ltr'><strong>esse</strong></span> <span class='ocrx_word' id='word_1_98' title='bbox 961 1860 1093 1935; x_wconf 87' lang='lat' dir='ltr'><strong>habere</strong></span> 
     </span>
     <span class='ocr_line' id='line_1_18' title="bbox 107 1967 1094 2059; baseline -0.004 -20"><span class='ocrx_word' id='word_1_99' title='bbox 107 1967 350 2039; x_wconf 89' lang='lat' dir='ltr'><strong>conditionem</strong></span> <span class='ocrx_word' id='word_1_100' title='bbox 377 1968 615 2050; x_wconf 85' lang='lat' dir='ltr'>mediocrem,</span> <span class='ocrx_word' id='word_1_101' title='bbox 661 1980 768 2059; x_wconf 90' lang='lat' dir='ltr'><strong>atque</strong></span> <span class='ocrx_word' id='word_1_102' title='bbox 789 1968 898 2056; x_wconf 60' lang='lat' dir='ltr'><strong>villam</strong></span> <span class='ocrx_word' id='word_1_103' title='bbox 931 1967 1094 2056; x_wconf 81' lang='lat' dir='ltr'><strong>gnaviter</strong></span> 
     </span>
     <span class='ocr_line' id='line_1_19' title="bbox 104 2066 1094 2163; baseline -0.003 -21"><span class='ocrx_word' id='word_1_104' title='bbox 104 2072 286 2152; x_wconf 72' lang='lat' dir='ltr'>excolere,</span> <span class='ocrx_word' id='word_1_105' title='bbox 312 2093 418 2163; x_wconf 90' lang='lat' dir='ltr'><strong>quam</strong></span> <span class='ocrx_word' id='word_1_106' title='bbox 434 2066 567 2139; x_wconf 89' lang='lat' dir='ltr'><strong>habere</strong></span> <span class='ocrx_word' id='word_1_107' title='bbox 580 2070 822 2159; x_wconf 90' lang='lat' dir='ltr'><strong>superiorem,</strong></span> <span class='ocrx_word' id='word_1_108' title='bbox 850 2069 907 2139; x_wconf 89' lang='lat' dir='ltr'><strong>eui</strong></span> <span class='ocrx_word' id='word_1_109' title='bbox 922 2093 998 2139; x_wconf 88' lang='lat' dir='ltr'><strong>non</strong></span> <span class='ocrx_word' id='word_1_110' title='bbox 1013 2094 1094 2161; x_wconf 89' lang='lat' dir='ltr'><strong>pos·</strong></span> 
     </span>
     <span class='ocr_line' id='line_1_20' title="bbox 108 2171 1094 2263; baseline -0.002 -20"><span class='ocrx_word' id='word_1_111' title='bbox 108 2174 217 2255; x_wconf 77' lang='lat' dir='ltr'><strong>simus</strong></span> <span class='ocrx_word' id='word_1_112' title='bbox 242 2196 414 2261; x_wconf 88' lang='lat' dir='ltr'><strong>praeesse.</strong></span> <span class='ocrx_word' id='word_1_113' title='bbox 482 2171 560 2239; x_wconf 88' lang='lat' dir='ltr'><strong>lluc</strong></span> <span class='ocrx_word' id='word_1_114' title='bbox 583 2172 740 2263; x_wconf 83' lang='lat' dir='ltr'><strong>pertinet</strong></span> <span class='ocrx_word' id='word_1_115' title='bbox 762 2172 953 2240; x_wconf 85' lang='lat' dir='ltr'><strong>sententia:</strong></span> <span class='ocrx_word' id='word_1_116' title='bbox 986 2172 1094 2262; x_wconf 90' lang='lat' dir='ltr'><strong>Spar-</strong></span> 
     </span>
     <span class='ocr_line' id='line_1_21' title="bbox 105 2272 1094 2366; baseline -0.005 -21"><span class='ocrx_word' id='word_1_117' title='bbox 105 2290 202 2356; x_wconf 84' lang='lat' dir='ltr'><strong>tam,</strong></span> <span class='ocrx_word' id='word_1_118' title='bbox 228 2297 336 2366; x_wconf 86' lang='lat' dir='ltr'><strong>quam</strong></span> <span class='ocrx_word' id='word_1_119' title='bbox 354 2287 480 2345; x_wconf 83' lang='lat' dir='ltr'><strong>nactus</strong></span> <span class='ocrx_word' id='word_1_120' title='bbox 497 2299 552 2357; x_wconf 89' lang='lat' dir='ltr'><strong>es,</strong></span> <span class='ocrx_word' id='word_1_121' title='bbox 579 2298 682 2344; x_wconf 87' lang='lat' dir='ltr'><strong>orna.</strong></span> <span class='ocrx_word' id='word_1_122' title='bbox 714 2272 854 2345; x_wconf 81' lang='lat' dir='ltr'><strong>Videtis</strong></span> <span class='ocrx_word' id='word_1_123' title='bbox 869 2274 942 2342; x_wconf 90' lang='lat' dir='ltr'><strong>iam</strong></span> <span class='ocrx_word' id='word_1_124' title='bbox 961 2275 1094 2366; x_wconf 86' lang='lat' dir='ltr'><strong>episco-</strong></span> 
     </span>
     <span class='ocr_line' id='line_1_22' title="bbox 107 2375 1095 2469; baseline -0.004 -22"><span class='ocrx_word' id='word_1_125' title='bbox 107 2403 173 2469; x_wconf 92' lang='lat' dir='ltr'><strong>pos</strong></span> <span class='ocrx_word' id='word_1_126' title='bbox 193 2389 361 2464; x_wconf 91' lang='lat' dir='ltr'><strong>appetere</strong></span> <span class='ocrx_word' id='word_1_127' title='bbox 378 2376 505 2443; x_wconf 90' lang='lat' dir='ltr'><strong>multos</strong></span> <span class='ocrx_word' id='word_1_128' title='bbox 522 2375 764 2463; x_wconf 83' lang='lat' dir='ltr'><strong>episcopatus,</strong></span> <span class='ocrx_word' id='word_1_129' title='bbox 791 2398 872 2445; x_wconf 89' lang='lat' dir='ltr'><strong>cum</strong></span> <span class='ocrx_word' id='word_1_130' title='bbox 897 2378 1016 2449; x_wconf 88' lang='lat' dir='ltr'><strong>nullus</strong></span> <span class='ocrx_word' id='word_1_131' title='bbox 1035 2400 1095 2445; x_wconf 93' lang='lat' dir='ltr'><strong>eo-</strong></span> 
     </span>
    </p>
   </div>
   <div class='ocr_carea' id='block_1_4' title="bbox 564 266 1676 342">
    <p class='ocr_par' dir='ltr' id='par_1_7' title="bbox 564 266 1676 342">
     <span class='ocr_line' id='line_1_23' title="bbox 564 266 1676 342; baseline 0.001 -3"><span class='ocrx_word' id='word_1_132' title='bbox 564 269 782 342; x_wconf 83' lang='lat' dir='ltr'><strong>LXXXVlll.</strong></span> <span class='ocrx_word' id='word_1_133' title='bbox 832 267 1115 342; x_wconf 82' lang='lat' dir='ltr'><strong>ENARRATIO</strong></span> <span class='ocrx_word' id='word_1_134' title='bbox 1157 266 1438 340; x_wconf 82' lang='lat' dir='ltr'><strong>GEORGlCON</strong></span> <span class='ocrx_word' id='word_1_135' title='bbox 1471 266 1676 340; x_wconf 84' lang='lat' dir='ltr'><strong>VIRGlLll.</strong></span> 
     </span>
    </p>
   </div>
   <div class='ocr_carea' id='block_1_5' title="bbox 1247 275 2142 537">
    <p class='ocr_par' dir='ltr' id='par_1_8' title="bbox 1247 275 2142 537">
     <span class='ocr_line' id='line_1_24' title="bbox 2063 275 2142 349; baseline 0.063 -4"><span class='ocrx_word' id='word_1_136' title='bbox 2063 275 2142 349; x_wconf 78' lang='lat'><strong>394</strong></span> 
     </span>
     <span class='ocr_line' id='line_1_25' title="bbox 1247 436 2137 537; baseline 0.011 -32"><span class='ocrx_word' id='word_1_137' title='bbox 1247 438 1308 509; x_wconf 89' lang='lat' dir='ltr'><strong>Vs.</strong></span> <span class='ocrx_word' id='word_1_138' title='bbox 1332 439 1420 510; x_wconf 88' lang='grc'><strong>443.</strong></span> <span class='ocrx_word' id='word_1_139' title='bbox 1452 440 1573 531; x_wconf 81' lang='lat' dir='ltr'><strong>Pinos]</strong></span> <span class='ocrx_word' id='word_1_140' title='bbox 1608 436 1768 509; x_wconf 84' lang='lat' dir='ltr'><strong>Ficlrtcn.</strong></span> <span class='ocrx_word' id='word_1_141' title='bbox 1873 446 2059 536; x_wconf 75' lang='lat' dir='ltr'><strong>cedrosque</strong></span> <span class='ocrx_word' id='word_1_142' title='bbox 2071 444 2137 537; x_wconf 82' lang='lat'>⁸⁷)]</span> 
     </span>
    </p>
   </div>
   <div class='ocr_carea' id='block_1_6' title="bbox 1143 537 2137 2463">
    <p class='ocr_par' dir='ltr' id='par_1_9' title="bbox 1145 537 2137 713">
     <span class='ocr_line' id='line_1_26' title="bbox 1145 537 2137 639; baseline 0.007 -31"><span class='ocrx_word' id='word_1_143' title='bbox 1145 537 1318 609; x_wconf 87' lang='lat' dir='ltr'><strong>Existimo</strong></span> <span class='ocrx_word' id='word_1_144' title='bbox 1329 544 1474 611; x_wconf 92' lang='lat' dir='ltr'><strong>cedrum</strong></span> <span class='ocrx_word' id='word_1_145' title='bbox 1489 566 1563 610; x_wconf 90' lang='lat' dir='ltr'><strong>esse</strong></span> <span class='ocrx_word' id='word_1_146' title='bbox 1578 542 1692 611; x_wconf 91' lang='lat' dir='ltr'><strong>simile</strong></span> <span class='ocrx_word' id='word_1_147' title='bbox 1706 541 1877 634; x_wconf 77' lang='lat' dir='ltr'><strong>quiddam</strong></span> <span class='ocrx_word' id='word_1_148' title='bbox 1889 547 2021 615; x_wconf 90' lang='lat' dir='ltr'><strong>nostris</strong></span> <span class='ocrx_word' id='word_1_149' title='bbox 2033 570 2137 639; x_wconf 85' lang='lat' dir='ltr'><strong>quer·</strong></span> 
     </span>
     <span class='ocr_line' id='line_1_27' title="bbox 1147 643 1765 713; baseline 0.005 -4"><span class='ocrx_word' id='word_1_150' title='bbox 1147 644 1267 712; x_wconf 77' lang='lat' dir='ltr'><strong>cubus.</strong></span> <span class='ocrx_word' id='word_1_151' title='bbox 1319 643 1404 713; x_wconf 88' lang='lat' dir='ltr'><strong>Non</strong></span> <span class='ocrx_word' id='word_1_152' title='bbox 1423 643 1646 711; x_wconf 91' lang='lat' dir='ltr'><strong>consumitur</strong></span> <span class='ocrx_word' id='word_1_153' title='bbox 1660 644 1765 712; x_wconf 90' lang='lat' dir='ltr'><strong>carie.</strong></span> 
     </span>
    </p>

    <p class='ocr_par' dir='ltr' id='par_1_10' title="bbox 1146 743 2135 916">
     <span class='ocr_line' id='line_1_28' title="bbox 1248 743 2135 838; baseline 0.01 -29"><span class='ocrx_word' id='word_1_154' title='bbox 1248 743 1308 814; x_wconf 92' lang='grc' dir='ltr'><strong>νε.</strong></span> <span class='ocrx_word' id='word_1_155' title='bbox 1328 744 1416 825; x_wconf 81' lang='grc'><strong>447.</strong></span> <span class='ocrx_word' id='word_1_156' title='bbox 1456 747 1664 837; x_wconf 79' lang='lat' dir='ltr'><strong>Hostilibua]</strong></span> <span class='ocrx_word' id='word_1_157' title='bbox 1697 747 1735 815; x_wconf 94' lang='lat' dir='ltr'><strong>id</strong></span> <span class='ocrx_word' id='word_1_158' title='bbox 1764 756 1837 828; x_wconf 90' lang='lat' dir='ltr'><strong>est,</strong></span> <span class='ocrx_word' id='word_1_159' title='bbox 1868 745 1971 836; x_wconf 90' lang='lat' dir='ltr'><strong>pilis,</strong></span> <span class='ocrx_word' id='word_1_160' title='bbox 2006 747 2135 838; x_wconf 91' lang='lat' dir='ltr'><strong>quibus</strong></span> 
     </span>
     <span class='ocr_line' id='line_1_29' title="bbox 1146 843 1639 916; baseline 0.006 -3"><span class='ocrx_word' id='word_1_161' title='bbox 1146 843 1201 913; x_wconf 90' lang='lat' dir='ltr'><strong>usi</strong></span> <span class='ocrx_word' id='word_1_162' title='bbox 1218 859 1302 916; x_wconf 86' lang='grc' dir='ltr'><strong>ειιιιι</strong></span> <span class='ocrx_word' id='word_1_163' title='bbox 1317 846 1476 915; x_wconf 87' lang='lat' dir='ltr'><strong>Romani</strong></span> <span class='ocrx_word' id='word_1_164' title='bbox 1498 846 1639 916; x_wconf 80' lang='lat' dir='ltr'><strong>milites.</strong></span> 
     </span>
    </p>

    <p class='ocr_par' dir='ltr' id='par_1_11' title="bbox 1143 944 2135 2463">
     <span class='ocr_line' id='line_1_30' title="bbox 1250 944 2135 1044; baseline 0.001 -27"><span class='ocrx_word' id='word_1_165' title='bbox 1250 946 1311 1017; x_wconf 85' lang='lat' dir='ltr'><strong>Vs.</strong></span> <span class='ocrx_word' id='word_1_166' title='bbox 1330 947 1416 1019; x_wconf 89' lang='grc'><strong>448.</strong></span> <span class='ocrx_word' id='word_1_167' title='bbox 1449 944 1675 1044; x_wconf 65' lang='lat' dir='ltr'><strong>ltbyreoa³⁸ss</strong></span> <span class='ocrx_word' id='word_1_168' title='bbox 1703 949 1739 1015; x_wconf 91' lang='lat' dir='ltr'><strong>id</strong></span> <span class='ocrx_word' id='word_1_169' title='bbox 1755 959 1826 1029; x_wconf 87' lang='lat' dir='ltr'><strong>est,</strong></span> <span class='ocrx_word' id='word_1_170' title='bbox 1850 947 2044 1030; x_wconf 85' lang='lat' dir='ltr'><strong>Arabicos,</strong></span> <span class='ocrx_word' id='word_1_171' title='bbox 2070 949 2135 1018; x_wconf 92' lang='lat' dir='ltr'><strong>sic-</strong></span> 
     </span>
     <span class='ocr_line' id='line_1_31' title="bbox 1145 1045 2134 1140; baseline 0.001 -21"><span class='ocrx_word' id='word_1_172' title='bbox 1145 1062 1187 1119; x_wconf 91' lang='lat' dir='ltr'><strong>ut</strong></span> <span class='ocrx_word' id='word_1_173' title='bbox 1214 1045 1330 1119; x_wconf 89' lang='lat' dir='ltr'><strong>adhuc</strong></span> <span class='ocrx_word' id='word_1_174' title='bbox 1361 1051 1414 1119; x_wconf 92' lang='lat' dir='ltr'><strong>illi</strong></span> <span class='ocrx_word' id='word_1_175' title='bbox 1441 1051 1567 1140; x_wconf 89' lang='lat' dir='ltr'><strong>populi</strong></span> <span class='ocrx_word' id='word_1_176' title='bbox 1594 1050 1690 1118; x_wconf 93' lang='lat' dir='ltr'><strong>inter</strong></span> <span class='ocrx_word' id='word_1_177' title='bbox 1713 1048 1885 1118; x_wconf 81' lang='lat' dir='ltr'><strong>Arabiam</strong></span> <span class='ocrx_word' id='word_1_178' title='bbox 1910 1064 1944 1118; x_wconf 91' lang='lat' dir='ltr'><strong>et</strong></span> <span class='ocrx_word' id='word_1_179' title='bbox 1963 1050 2134 1120; x_wconf 89' lang='lat' dir='ltr'><strong>Palaesti-</strong></span> 
     </span>
     <span class='ocr_line' id='line_1_32' title="bbox 1146 1149 2134 1244; baseline 0.005 -27"><span class='ocrx_word' id='word_1_180' title='bbox 1146 1175 1252 1234; x_wconf 89' lang='lat' dir='ltr'><strong>nam,</strong></span> <span class='ocrx_word' id='word_1_181' title='bbox 1285 1177 1375 1244; x_wconf 90' lang='lat' dir='ltr'><strong>qnos</strong></span> <span class='ocrx_word' id='word_1_182' title='bbox 1389 1149 1578 1220; x_wconf 89' lang='lat' dir='ltr'><strong>Idumaeos</strong></span> <span class='ocrx_word' id='word_1_183' title='bbox 1595 1166 1630 1220; x_wconf 93' lang='lat' dir='ltr'><strong>et</strong></span> <span class='ocrx_word' id='word_1_184' title='bbox 1645 1150 1841 1222; x_wconf 86' lang='lat' dir='ltr'><strong>lsmaelitas</strong></span> <span class='ocrx_word' id='word_1_185' title='bbox 1867 1164 2018 1233; x_wconf 91' lang='lat' dir='ltr'><strong>vocant,</strong></span> <span class='ocrx_word' id='word_1_186' title='bbox 2051 1167 2134 1221; x_wconf 89' lang='lat' dir='ltr'><strong>sunt</strong></span> 
     </span>
     <span class='ocr_line' id='line_1_33' title="bbox 1145 1250 2133 1342; baseline 0.003 -22"><span class='ocrx_word' id='word_1_187' title='bbox 1145 1253 1351 1342; x_wconf 84' lang='lat' dir='ltr'><strong>peritissimi</strong></span> <span class='ocrx_word' id='word_1_188' title='bbox 1381 1255 1468 1323; x_wconf 90' lang='lat' dir='ltr'><strong>artis</strong></span> <span class='ocrx_word' id='word_1_189' title='bbox 1499 1254 1664 1333; x_wconf 89' lang='lat' dir='ltr'><strong>bellicae;</strong></span> <span class='ocrx_word' id='word_1_190' title='bbox 1698 1278 1735 1324; x_wconf 87' lang='lat' dir='ltr'><strong>es</strong></span> <span class='ocrx_word' id='word_1_191' title='bbox 1765 1254 1810 1323; x_wconf 91' lang='lat' dir='ltr'><strong>ist</strong></span> <span class='ocrx_word' id='word_1_192' title='bbox 1841 1255 1899 1323; x_wconf 90' lang='lat' dir='ltr'><strong>ein</strong></span> <span class='ocrx_word' id='word_1_193' title='bbox 1927 1250 2133 1325; x_wconf 87' lang='lat' dir='ltr'><strong>rauberisch</strong></span> 
     </span>
     <span class='ocr_line' id='line_1_34' title="bbox 1146 1351 2132 1439; baseline 0.004 -18"><span class='ocrx_word' id='word_1_194' title='bbox 1146 1351 1393 1424; x_wconf 87' lang='lat' dir='ltr'><strong>abenteurisch</strong></span> <span class='ocrx_word' id='word_1_195' title='bbox 1408 1356 1524 1424; x_wconf 91' lang='lat' dir='ltr'><strong>volck.</strong></span> <span class='ocrx_word' id='word_1_196' title='bbox 1567 1358 1753 1425; x_wconf 90' lang='lat' dir='ltr'><strong>Pontanus</strong></span> <span class='ocrx_word' id='word_1_197' title='bbox 1767 1356 1907 1439; x_wconf 88' lang='lat' dir='ltr'><strong>scribit,</strong></span> <span class='ocrx_word' id='word_1_198' title='bbox 1933 1355 2132 1427; x_wconf 84' lang='lat' dir='ltr'><strong>Robertum</strong></span> 
     </span>
     <span class='ocr_line' id='line_1_35' title="bbox 1146 1456 2131 1550; baseline 0 -24"><span class='ocrx_word' id='word_1_199' title='bbox 1146 1456 1417 1540; x_wconf 87' lang='lat' dir='ltr'><strong>Sausescanum,</strong></span> <span class='ocrx_word' id='word_1_200' title='bbox 1443 1460 1507 1550; x_wconf 89' lang='lat' dir='ltr'><strong>qui</strong></span> <span class='ocrx_word' id='word_1_201' title='bbox 1522 1459 1590 1527; x_wconf 87' lang='lat' dir='ltr'><strong>luit</strong></span> <span class='ocrx_word' id='word_1_202' title='bbox 1606 1459 1767 1548; x_wconf 84' lang='lat' dir='ltr'><strong>egregius</strong></span> <span class='ocrx_word' id='word_1_203' title='bbox 1780 1459 1945 1539; x_wconf 81' lang='lat' dir='ltr'><strong>bellator,</strong></span> <span class='ocrx_word' id='word_1_204' title='bbox 1972 1471 2006 1526; x_wconf 91' lang='lat' dir='ltr'><strong>et</strong></span> <span class='ocrx_word' id='word_1_205' title='bbox 2022 1460 2131 1549; x_wconf 91' lang='lat' dir='ltr'><strong>paulo</strong></span> 
     </span>
     <span class='ocr_line' id='line_1_36' title="bbox 1145 1560 2132 1651; baseline 0.003 -24"><span class='ocrx_word' id='word_1_206' title='bbox 1145 1570 1228 1628; x_wconf 91' lang='lat' dir='ltr'><strong>ante</strong></span> <span class='ocrx_word' id='word_1_207' title='bbox 1258 1573 1381 1629; x_wconf 92' lang='lat' dir='ltr'><strong>nostra</strong></span> <span class='ocrx_word' id='word_1_208' title='bbox 1408 1573 1571 1650; x_wconf 90' lang='lat' dir='ltr'><strong>tempora</strong></span> <span class='ocrx_word' id='word_1_209' title='bbox 1593 1560 1699 1641; x_wconf 81' lang='lat' dir='ltr'><strong>vixit,</strong></span> <span class='ocrx_word' id='word_1_210' title='bbox 1732 1560 1895 1629; x_wconf 86' lang='lat' dir='ltr'><strong>videlicet</strong></span> <span class='ocrx_word' id='word_1_211' title='bbox 1917 1563 2008 1627; x_wconf 89' lang='lat' dir='ltr'><strong>circa</strong></span> <span class='ocrx_word' id='word_1_212' title='bbox 2035 1562 2132 1651; x_wconf 89' lang='lat' dir='ltr'><strong>prin-</strong></span> 
     </span>
     <span class='ocr_line' id='line_1_37' title="bbox 1146 1660 2132 1753; baseline 0.003 -24"><span class='ocrx_word' id='word_1_213' title='bbox 1146 1661 1277 1751; x_wconf 91' lang='lat' dir='ltr'><strong>cipium</strong></span> <span class='ocrx_word' id='word_1_214' title='bbox 1303 1661 1447 1753; x_wconf 89' lang='lat' dir='ltr'><strong>imperii</strong></span> <span class='ocrx_word' id='word_1_215' title='bbox 1461 1660 1720 1743; x_wconf 87' lang='lat' dir='ltr'><strong>Maximiliani,</strong></span> <span class='ocrx_word' id='word_1_216' title='bbox 1744 1662 1896 1733; x_wconf 86' lang='lat' dir='ltr'><strong>voluisse</strong></span> <span class='ocrx_word' id='word_1_217' title='bbox 1918 1661 2040 1730; x_wconf 84' lang='lat' dir='ltr'><strong>videre</strong></span> <span class='ocrx_word' id='word_1_218' title='bbox 2062 1676 2132 1732; x_wconf 87' lang='lat' dir='ltr'><strong>ter-</strong></span> 
     </span>
     <span class='ocr_line' id='line_1_38' title="bbox 1146 1762 2133 1856; baseline 0.005 -26"><span class='ocrx_word' id='word_1_219' title='bbox 1146 1787 1224 1830; x_wconf 88' lang='lat' dir='ltr'><strong>ram</strong></span> <span class='ocrx_word' id='word_1_220' title='bbox 1256 1777 1427 1834; x_wconf 91' lang='lat' dir='ltr'><strong>sanctam.</strong></span> <span class='ocrx_word' id='word_1_221' title='bbox 1486 1762 1534 1834; x_wconf 88' lang='lat' dir='ltr'><strong>Et</strong></span> <span class='ocrx_word' id='word_1_222' title='bbox 1563 1790 1644 1834; x_wconf 88' lang='lat' dir='ltr'><strong>eum</strong></span> <span class='ocrx_word' id='word_1_223' title='bbox 1674 1788 1717 1833; x_wconf 92' lang='lat' dir='ltr'><strong>eo</strong></span> <span class='ocrx_word' id='word_1_224' title='bbox 1746 1767 1927 1856; x_wconf 80' lang='lat' dir='ltr'><strong>profectus</strong></span> <span class='ocrx_word' id='word_1_225' title='bbox 1949 1776 2057 1848; x_wconf 85' lang='lat' dir='ltr'><strong>esset,</strong></span> <span class='ocrx_word' id='word_1_226' title='bbox 2097 1777 2133 1835; x_wconf 91' lang='lat' dir='ltr'><strong>et</strong></span> 
     </span>
     <span class='ocr_line' id='line_1_39' title="bbox 1145 1866 2132 1958; baseline 0.001 -25"><span class='ocrx_word' id='word_1_227' title='bbox 1145 1866 1254 1935; x_wconf 87' lang='lat' dir='ltr'><strong>etiam</strong></span> <span class='ocrx_word' id='word_1_228' title='bbox 1279 1880 1442 1958; x_wconf 86' lang='lat' dir='ltr'><strong>pergeret</strong></span> <span class='ocrx_word' id='word_1_229' title='bbox 1465 1892 1508 1936; x_wconf 80' lang='lat' dir='ltr'><strong>ex</strong></span> <span class='ocrx_word' id='word_1_230' title='bbox 1524 1867 1727 1936; x_wconf 88' lang='lat' dir='ltr'><strong>Palaestina</strong></span> <span class='ocrx_word' id='word_1_231' title='bbox 1749 1870 1794 1943; x_wconf 88' lang='lat' dir='ltr'><strong>ad</strong></span> <span class='ocrx_word' id='word_1_232' title='bbox 1813 1868 2006 1936; x_wconf 89' lang='lat' dir='ltr'><strong>videndum</strong></span> <span class='ocrx_word' id='word_1_233' title='bbox 2025 1891 2132 1934; x_wconf 91' lang='lat' dir='ltr'><strong>mon-</strong></span> 
     </span>
     <span class='ocr_line' id='line_1_40' title="bbox 1146 1968 2132 2062; baseline 0.003 -28"><span class='ocrx_word' id='word_1_234' title='bbox 1146 1980 1216 2037; x_wconf 89' lang='lat' dir='ltr'><strong>tem</strong></span> <span class='ocrx_word' id='word_1_235' title='bbox 1232 1968 1353 2053; x_wconf 89' lang='lat' dir='ltr'><strong>Sinai,</strong></span> <span class='ocrx_word' id='word_1_236' title='bbox 1380 1969 1430 2037; x_wconf 90' lang='lat' dir='ltr'><strong>ibi</strong></span> <span class='ocrx_word' id='word_1_237' title='bbox 1454 1969 1601 2062; x_wconf 89' lang='lat' dir='ltr'><strong>quidam</strong></span> <span class='ocrx_word' id='word_1_238' title='bbox 1627 1994 1669 2039; x_wconf 86' lang='lat' dir='ltr'><strong>ex</strong></span> <span class='ocrx_word' id='word_1_239' title='bbox 1685 1970 1937 2039; x_wconf 87' lang='lat' dir='ltr'><strong>deductoribus</strong></span> <span class='ocrx_word' id='word_1_240' title='bbox 1953 1970 2071 2061; x_wconf 90' lang='lat' dir='ltr'><strong>inquit</strong></span> <span class='ocrx_word' id='word_1_241' title='bbox 2085 1970 2132 2037; x_wconf 88' lang='lat' dir='ltr'><strong>ad</strong></span> 
     </span>
     <span class='ocr_line' id='line_1_41' title="bbox 1144 2070 2130 2155; baseline 0.003 -19"><span class='ocrx_word' id='word_1_242' title='bbox 1144 2070 1362 2139; x_wconf 85' lang='lat' dir='ltr'><strong>Robertum:</strong></span> <span class='ocrx_word' id='word_1_243' title='bbox 1390 2070 1566 2155; x_wconf 88' lang='lat' dir='ltr'><strong>Domine,</strong></span> <span class='ocrx_word' id='word_1_244' title='bbox 1594 2072 1697 2139; x_wconf 89' lang='lat' dir='ltr'><strong>video</strong></span> <span class='ocrx_word' id='word_1_245' title='bbox 1720 2073 1824 2142; x_wconf 91' lang='lat' dir='ltr'><strong>nobis</strong></span> <span class='ocrx_word' id='word_1_246' title='bbox 1848 2070 1988 2140; x_wconf 91' lang='lat' dir='ltr'><strong>obviam</strong></span> <span class='ocrx_word' id='word_1_247' title='bbox 2008 2071 2130 2140; x_wconf 88' lang='lat' dir='ltr'><strong>venire</strong></span> 
     </span>
     <span class='ocr_line' id='line_1_42' title="bbox 1143 2174 2131 2264; baseline -0.001 -23"><span class='ocrx_word' id='word_1_248' title='bbox 1143 2174 1323 2256; x_wconf 88' lang='lat' dir='ltr'><strong>latrones,</strong></span> <span class='ocrx_word' id='word_1_249' title='bbox 1354 2197 1429 2241; x_wconf 88' lang='lat' dir='ltr'><strong>non</strong></span> <span class='ocrx_word' id='word_1_250' title='bbox 1455 2198 1600 2264; x_wconf 85' lang='lat' dir='ltr'><strong>possum</strong></span> <span class='ocrx_word' id='word_1_251' title='bbox 1623 2198 1688 2244; x_wconf 76' lang='lat' dir='ltr'><strong>vos</strong></span> <span class='ocrx_word' id='word_1_252' title='bbox 1710 2176 1814 2246; x_wconf 88' lang='lat' dir='ltr'><strong>tueri.</strong></span> <span class='ocrx_word' id='word_1_253' title='bbox 1875 2174 2055 2243; x_wconf 82' lang='lat' dir='ltr'><strong>Robcrtus</strong></span> <span class='ocrx_word' id='word_1_254' title='bbox 2076 2196 2131 2240; x_wconf 92' lang='lat' dir='ltr'><strong>re-</strong></span> 
     </span>
     <span class='ocr_line' id='line_1_43' title="bbox 1146 2274 2132 2369; baseline -0.001 -25"><span class='ocrx_word' id='word_1_255' title='bbox 1146 2277 1307 2364; x_wconf 89' lang='lat' dir='ltr'><strong>spondit:</strong></span> <span class='ocrx_word' id='word_1_256' title='bbox 1334 2275 1542 2359; x_wconf 84' lang='lat' dir='ltr'><strong>Benelacis,</strong></span> <span class='ocrx_word' id='word_1_257' title='bbox 1566 2280 1662 2369; x_wconf 92' lang='lat' dir='ltr'><strong>quod</strong></span> <span class='ocrx_word' id='word_1_258' title='bbox 1677 2279 1926 2345; x_wconf 89' lang='lat' dir='ltr'><strong>meadmones.</strong></span> <span class='ocrx_word' id='word_1_259' title='bbox 1967 2274 2014 2343; x_wconf 83' lang='lat' dir='ltr'><strong>Et</strong></span> <span class='ocrx_word' id='word_1_260' title='bbox 2030 2298 2132 2366; x_wconf 90' lang='lat' dir='ltr'><strong>prae-</strong></span> 
     </span>
     <span class='ocr_line' id='line_1_44' title="bbox 1145 2376 2132 2463; baseline -0.001 -18"><span class='ocrx_word' id='word_1_261' title='bbox 1145 2376 1237 2445; x_wconf 87' lang='lat' dir='ltr'><strong>senti</strong></span> <span class='ocrx_word' id='word_1_262' title='bbox 1252 2378 1373 2445; x_wconf 91' lang='lat' dir='ltr'><strong>animo</strong></span> <span class='ocrx_word' id='word_1_263' title='bbox 1389 2379 1507 2447; x_wconf 91' lang='lat' dir='ltr'><strong>statim</strong></span> <span class='ocrx_word' id='word_1_264' title='bbox 1525 2379 1644 2463; x_wconf 87' lang='lat' dir='ltr'><strong>iubet,</strong></span> <span class='ocrx_word' id='word_1_265' title='bbox 1677 2392 1718 2448; x_wconf 92' lang='lat' dir='ltr'><strong>ut</strong></span> <span class='ocrx_word' id='word_1_266' title='bbox 1733 2391 1894 2447; x_wconf 91' lang='lat' dir='ltr'><strong>sternant</strong></span> <span class='ocrx_word' id='word_1_267' title='bbox 1912 2391 2029 2461; x_wconf 89' lang='lat' dir='ltr'><strong>toros,</strong></span> <span class='ocrx_word' id='word_1_268' title='bbox 2054 2390 2132 2445; x_wconf 91' lang='lat' dir='ltr'><strong>tan-</strong></span> 
     </span>
    </p>
   </div>
   <div class='ocr_carea' id='block_1_7' title="bbox 106 2475 2132 2573">
    <p class='ocr_par' dir='ltr' id='par_1_12' title="bbox 106 2475 2132 2573">
     <span class='ocr_line' id='line_1_45' title="bbox 106 2475 2132 2573; baseline -0.001 -25"><span class='ocrx_word' id='word_1_269' title='bbox 106 2503 188 2548; x_wconf 93' lang='lat' dir='ltr'><strong>rum</strong></span> <span class='ocrx_word' id='word_1_270' title='bbox 211 2476 278 2557; x_wconf 90' lang='lat' dir='ltr'><strong>sit,</strong></span> <span class='ocrx_word' id='word_1_271' title='bbox 313 2476 376 2567; x_wconf 92' lang='lat' dir='ltr'><strong>qui</strong></span> <span class='ocrx_word' id='word_1_272' title='bbox 400 2475 512 2564; x_wconf 87' lang='lat' dir='ltr'><strong>possit</strong></span> <span class='ocrx_word' id='word_1_273' title='bbox 533 2498 656 2563; x_wconf 88' lang='lat' dir='ltr'><strong>regere</strong></span> <span class='ocrx_word' id='word_1_274' title='bbox 680 2498 790 2543; x_wconf 88' lang='lat' dir='ltr'><strong>unam</strong></span> <span class='ocrx_word' id='word_1_275' title='bbox 815 2477 1094 2565; x_wconf 73' lang='lat' dir='ltr'><strong>parvameccle-</strong></span> <span class='ocrx_word' id='word_1_276' title='bbox 1118 2486 1122 2545; x_wconf 89' lang='grc' dir='ltr'>Ι</span> <span class='ocrx_word' id='word_1_277' title='bbox 1147 2501 1253 2568; x_wconf 91' lang='lat' dir='ltr'><strong>quam</strong></span> <span class='ocrx_word' id='word_1_278' title='bbox 1276 2481 1455 2567; x_wconf 85' lang='lat' dir='ltr'><strong>pransuri.</strong></span> <span class='ocrx_word' id='word_1_279' title='bbox 1506 2480 1739 2569; x_wconf 83' lang='lat' dir='ltr'><strong>Expromitur</strong></span> <span class='ocrx_word' id='word_1_280' title='bbox 1763 2481 1882 2573; x_wconf 88' lang='lat' dir='ltr'><strong>itaque</strong></span> <span class='ocrx_word' id='word_1_281' title='bbox 1906 2479 2009 2569; x_wconf 90' lang='lat' dir='ltr'><strong>panis</strong></span> <span class='ocrx_word' id='word_1_282' title='bbox 2030 2491 2066 2547; x_wconf 91' lang='lat' dir='ltr'><strong>et</strong></span> <span class='ocrx_word' id='word_1_283' title='bbox 2081 2480 2132 2546; x_wconf 89' lang='lat' dir='ltr'><strong>la-</strong></span> 
     </span>
    </p>
   </div>
   <div class='ocr_carea' id='block_1_8' title="bbox 104 2576 1094 3893">
    <p class='ocr_par' dir='ltr' id='par_1_13' title="bbox 107 2576 1094 2666">
     <span class='ocr_line' id='line_1_46' title="bbox 107 2576 1094 2666; baseline -0.005 -15"><span class='ocrx_word' id='word_1_284' title='bbox 107 2581 249 2655; x_wconf 85' lang='lat' dir='ltr'><strong>siolam,</strong></span> <span class='ocrx_word' id='word_1_285' title='bbox 274 2589 308 2643; x_wconf 92' lang='lat' dir='ltr'><strong>et</strong></span> <span class='ocrx_word' id='word_1_286' title='bbox 323 2600 397 2643; x_wconf 91' lang='lat' dir='ltr'><strong>non</strong></span> <span class='ocrx_word' id='word_1_287' title='bbox 412 2588 587 2666; x_wconf 90' lang='lat' dir='ltr'><strong>appetunt</strong></span> <span class='ocrx_word' id='word_1_288' title='bbox 603 2576 756 2657; x_wconf 84' lang='lat' dir='ltr'><strong>labores,</strong></span> <span class='ocrx_word' id='word_1_289' title='bbox 783 2579 844 2645; x_wconf 90' lang='lat' dir='ltr'><strong>sed</strong></span> <span class='ocrx_word' id='word_1_290' title='bbox 861 2576 1011 2659; x_wconf 75' lang='lat' dir='ltr'><strong>reditus,</strong></span> <span class='ocrx_word' id='word_1_291' title='bbox 1029 2589 1094 2646; x_wconf 86' lang='lat' dir='ltr'><strong>etc.</strong></span> 
     </span>
    </p>

    <p class='ocr_par' dir='ltr' id='par_1_14' title="bbox 104 2674 1094 3076">
     <span class='ocr_line' id='line_1_47' title="bbox 211 2674 1094 2769; baseline 0.002 -26"><span class='ocrx_word' id='word_1_292' title='bbox 211 2674 271 2747; x_wconf 89' lang='lat' dir='ltr'><strong>Vs.</strong></span> <span class='ocrx_word' id='word_1_293' title='bbox 286 2675 372 2747; x_wconf 82' lang='grc'><strong>413.</strong></span> <span class='ocrx_word' id='word_1_294' title='bbox 414 2682 540 2763; x_wconf 71' lang='lat' dir='ltr'><strong>linaei]</strong></span> <span class='ocrx_word' id='word_1_295' title='bbox 564 2677 723 2747; x_wconf 88' lang='lat' dir='ltr'><strong>Ruscnm</strong></span> <span class='ocrx_word' id='word_1_296' title='bbox 740 2676 915 2768; x_wconf 79' lang='lat' dir='ltr'><strong>significat</strong></span> <span class='ocrx_word' id='word_1_297' title='bbox 931 2679 1094 2769; x_wconf 75' lang='lat' dir='ltr'><strong>figarola,</strong></span> 
     </span>
     <span class='ocr_line' id='line_1_48' title="bbox 109 2777 1094 2874; baseline -0.002 -25"><span class='ocrx_word' id='word_1_298' title='bbox 109 2780 238 2874; x_wconf 87' lang='lat' dir='ltr'><strong>quibus</strong></span> <span class='ocrx_word' id='word_1_299' title='bbox 260 2777 417 2870; x_wconf 87' lang='lat' dir='ltr'><strong>ligantur</strong></span> <span class='ocrx_word' id='word_1_300' title='bbox 442 2780 543 2849; x_wconf 87' lang='lat' dir='ltr'><strong>vites.</strong></span> <span class='ocrx_word' id='word_1_301' title='bbox 594 2778 659 2849; x_wconf 84' lang='lat' dir='ltr'><strong>Est</strong></span> <span class='ocrx_word' id='word_1_302' title='bbox 682 2793 800 2849; x_wconf 87' lang='lat' dir='ltr'><strong>autem</strong></span> <span class='ocrx_word' id='word_1_303' title='bbox 823 2781 1013 2871; x_wconf 81' lang='lat' dir='ltr'><strong>peculiaris</strong></span> <span class='ocrx_word' id='word_1_304' title='bbox 1038 2804 1094 2848; x_wconf 91' lang='lat' dir='ltr'><strong>ar-</strong></span> 
     </span>
     <span class='ocr_line' id='line_1_49' title="bbox 105 2881 1093 2975; baseline 0 -24"><span class='ocrx_word' id='word_1_305' title='bbox 105 2886 195 2964; x_wconf 91' lang='lat' dir='ltr'><strong>bor,</strong></span> <span class='ocrx_word' id='word_1_306' title='bbox 217 2904 263 2949; x_wconf 86' lang='lat' dir='ltr'><strong>ex</strong></span> <span class='ocrx_word' id='word_1_307' title='bbox 278 2907 347 2973; x_wconf 90' lang='lat' dir='ltr'><strong>qua</strong></span> <span class='ocrx_word' id='word_1_308' title='bbox 362 2884 452 2953; x_wconf 79' lang='lat' dir='ltr'><strong>siunt</strong></span> <span class='ocrx_word' id='word_1_309' title='bbox 466 2881 547 2950; x_wconf 90' lang='lat' dir='ltr'><strong>illae</strong></span> <span class='ocrx_word' id='word_1_310' title='bbox 564 2904 711 2974; x_wconf 83' lang='lat' dir='ltr'><strong>scopae,</strong></span> <span class='ocrx_word' id='word_1_311' title='bbox 737 2884 867 2975; x_wconf 88' lang='lat' dir='ltr'><strong>quibus</strong></span> <span class='ocrx_word' id='word_1_312' title='bbox 881 2894 994 2955; x_wconf 87' lang='lat' dir='ltr'><strong>vestes</strong></span> <span class='ocrx_word' id='word_1_313' title='bbox 1009 2907 1093 2975; x_wconf 88' lang='lat' dir='ltr'><strong>pur-</strong></span> 
     </span>
     <span class='ocr_line' id='line_1_50' title="bbox 104 2985 601 3076; baseline 0.004 -23"><span class='ocrx_word' id='word_1_314' title='bbox 104 2997 256 3076; x_wconf 81' lang='lat' dir='ltr'><strong>gantur,</strong></span> <span class='ocrx_word' id='word_1_315' title='bbox 283 2985 339 3053; x_wconf 87' lang='lat' dir='ltr'><strong>die</strong></span> <span class='ocrx_word' id='word_1_316' title='bbox 358 3008 463 3054; x_wconf 89' lang='lat' dir='ltr'><strong>rosen</strong></span> <span class='ocrx_word' id='word_1_317' title='bbox 480 2986 601 3055; x_wconf 89' lang='lat' dir='ltr'><strong>besen.</strong></span> 
     </span>
    </p>

    <p class='ocr_par' dir='ltr' id='par_1_15' title="bbox 208 3083 993 3179">
     <span class='ocr_line' id='line_1_51' title="bbox 208 3083 993 3179; baseline 0.008 -30"><span class='ocrx_word' id='word_1_318' title='bbox 208 3083 268 3154; x_wconf 83' lang='lat' dir='ltr'><strong>Vs.</strong></span> <span class='ocrx_word' id='word_1_319' title='bbox 285 3084 370 3156; x_wconf 85' lang='grc'><strong>415.</strong></span> <span class='ocrx_word' id='word_1_320' title='bbox 397 3089 536 3179; x_wconf 76' lang='lat' dir='ltr'><strong>salicta]</strong></span> <span class='ocrx_word' id='word_1_321' title='bbox 562 3087 598 3154; x_wconf 92' lang='lat' dir='ltr'><strong>id</strong></span> <span class='ocrx_word' id='word_1_322' title='bbox 614 3100 687 3170; x_wconf 90' lang='lat' dir='ltr'><strong>est,</strong></span> <span class='ocrx_word' id='word_1_323' title='bbox 712 3086 860 3159; x_wconf 88' lang='lat' dir='ltr'><strong>saliceti.</strong></span> <span class='ocrx_word' id='word_1_324' title='bbox 989 3158 993 3163; x_wconf 77' lang='grc'><strong>,</strong></span> 
     </span>
    </p>

    <p class='ocr_par' dir='ltr' id='par_1_16' title="bbox 207 3184 1059 3283">
     <span class='ocr_line' id='line_1_52' title="bbox 207 3184 1059 3283; baseline 0.005 -28"><span class='ocrx_word' id='word_1_325' title='bbox 207 3184 268 3256; x_wconf 89' lang='grc' dir='ltr'><strong>νε.</strong></span> <span class='ocrx_word' id='word_1_326' title='bbox 284 3188 372 3259; x_wconf 86' lang='grc'><strong>410.</strong></span> <span class='ocrx_word' id='word_1_327' title='bbox 397 3192 590 3280; x_wconf 68' lang='lat' dir='ltr'><strong>reponunt]</strong></span> <span class='ocrx_word' id='word_1_328' title='bbox 616 3202 805 3283; x_wconf 89' lang='lat' dir='ltr'><strong>postquam</strong></span> <span class='ocrx_word' id='word_1_329' title='bbox 824 3201 947 3281; x_wconf 77' lang='lat' dir='ltr'><strong>putata</strong></span> <span class='ocrx_word' id='word_1_330' title='bbox 965 3201 1059 3261; x_wconf 86' lang='lat' dir='ltr'><strong>sunt.</strong></span> 
     </span>
    </p>

    <p class='ocr_par' dir='ltr' id='par_1_17' title="bbox 207 3287 982 3387">
     <span class='ocr_line' id='line_1_53' title="bbox 207 3287 982 3387; baseline 0.003 -26"><span class='ocrx_word' id='word_1_331' title='bbox 207 3287 268 3360; x_wconf 86' lang='lat' dir='ltr'><strong>Vs.</strong></span> <span class='ocrx_word' id='word_1_332' title='bbox 285 3289 371 3361; x_wconf 89' lang='grc'><strong>417.</strong></span> <span class='ocrx_word' id='word_1_333' title='bbox 398 3293 520 3383; x_wconf 82' lang='lat' dir='ltr'><strong>Antea]</strong></span> <span class='ocrx_word' id='word_1_334' title='bbox 547 3291 672 3375; x_wconf 88' lang='lat' dir='ltr'><strong>idest,</strong></span> <span class='ocrx_word' id='word_1_335' title='bbox 700 3292 854 3387; x_wconf 84' lang='lat' dir='ltr'><strong>ordines.</strong></span> <span class='ocrx_word' id='word_1_336' title='bbox 974 3344 982 3365; x_wconf 80' lang='lat'><strong>.·</strong></span> 
     </span>
    </p>

    <p class='ocr_par' dir='ltr' id='par_1_18' title="bbox 105 3388 1093 3585">
     <span class='ocr_line' id='line_1_54' title="bbox 207 3388 1093 3487; baseline -0.001 -27"><span class='ocrx_word' id='word_1_337' title='bbox 207 3388 269 3461; x_wconf 88' lang='grc' dir='ltr'><strong>νἐ.</strong></span> <span class='ocrx_word' id='word_1_338' title='bbox 285 3391 370 3464; x_wconf 85' lang='grc'><strong>419.</strong></span> <span class='ocrx_word' id='word_1_339' title='bbox 397 3397 542 3486; x_wconf 83' lang='lat' dir='ltr'><strong>Iupiter]</strong></span> <span class='ocrx_word' id='word_1_340' title='bbox 569 3392 605 3462; x_wconf 93' lang='lat' dir='ltr'><strong>id</strong></span> <span class='ocrx_word' id='word_1_341' title='bbox 631 3407 702 3478; x_wconf 90' lang='lat' dir='ltr'><strong>est,</strong></span> <span class='ocrx_word' id='word_1_342' title='bbox 736 3395 858 3487; x_wconf 88' lang='lat' dir='ltr'><strong>magni</strong></span> <span class='ocrx_word' id='word_1_343' title='bbox 879 3392 1013 3463; x_wconf 90' lang='lat' dir='ltr'><strong>laboris</strong></span> <span class='ocrx_word' id='word_1_344' title='bbox 1035 3417 1093 3461; x_wconf 90' lang='lat' dir='ltr'><strong>co-</strong></span> 
     </span>
     <span class='ocr_line' id='line_1_55' title="bbox 105 3497 394 3585; baseline 0.021 -20"><span class='ocrx_word' id='word_1_345' title='bbox 105 3499 179 3569; x_wconf 90' lang='lat' dir='ltr'><strong>lere</strong></span> <span class='ocrx_word' id='word_1_346' title='bbox 195 3497 328 3570; x_wconf 82' lang='lat' dir='ltr'><strong>vineas.</strong></span> <span class='ocrx_word' id='word_1_347' title='bbox 389 3578 394 3585; x_wconf 61' lang='grc'><strong>,</strong></span> 
     </span>
    </p>

    <p class='ocr_par' dir='ltr' id='par_1_19' title="bbox 104 3596 1092 3794">
     <span class='ocr_line' id='line_1_56' title="bbox 206 3596 1092 3691; baseline -0.008 -20"><span class='ocrx_word' id='word_1_348' title='bbox 206 3598 267 3673; x_wconf 87' lang='grc' dir='ltr'><strong>νε.</strong></span> <span class='ocrx_word' id='word_1_349' title='bbox 291 3601 378 3676; x_wconf 72' lang='grc'><strong>400.</strong></span> <span class='ocrx_word' id='word_1_350' title='bbox 420 3606 546 3674; x_wconf 76' lang='lat' dir='ltr'><strong>Contra</strong></span> <span class='ocrx_word' id='word_1_351' title='bbox 575 3600 659 3691; x_wconf 85' lang='lat' dir='ltr'><strong>non]</strong></span> <span class='ocrx_word' id='word_1_352' title='bbox 687 3596 878 3669; x_wconf 85' lang='lat' dir='ltr'><strong>Decimum</strong></span> <span class='ocrx_word' id='word_1_353' title='bbox 909 3611 1092 3667; x_wconf 87' lang='lat' dir='ltr'><strong>octavum:</strong></span> 
     </span>
     <span class='ocr_line' id='line_1_57' title="bbox 104 3692 991 3794; baseline -0.009 -19"><span class='ocrx_word' id='word_1_354' title='bbox 104 3692 189 3775; x_wconf 81' lang='lat' dir='ltr'><strong>Non</strong></span> <span class='ocrx_word' id='word_1_355' title='bbox 203 3710 257 3772; x_wconf 84' lang='lat' dir='ltr'><strong>&#39;est</strong></span> <span class='ocrx_word' id='word_1_356' title='bbox 274 3731 363 3794; x_wconf 90' lang='lat' dir='ltr'><strong>opus</strong></span> <span class='ocrx_word' id='word_1_357' title='bbox 379 3708 510 3792; x_wconf 85' lang='lat' dir='ltr'><strong>magno</strong></span> <span class='ocrx_word' id='word_1_358' title='bbox 527 3703 651 3769; x_wconf 90' lang='lat' dir='ltr'><strong>labore</strong></span> <span class='ocrx_word' id='word_1_359' title='bbox 666 3701 704 3767; x_wconf 90' lang='lat' dir='ltr'><strong>in</strong></span> <span class='ocrx_word' id='word_1_360' title='bbox 719 3702 876 3769; x_wconf 90' lang='lat' dir='ltr'><strong>colendis</strong></span> <span class='ocrx_word' id='word_1_361' title='bbox 893 3700 991 3767; x_wconf 87' lang='lat' dir='ltr'><strong>oleis.</strong></span> 
     </span>
    </p>

    <p class='ocr_par' dir='ltr' id='par_1_20' title="bbox 208 3802 1094 3893">
     <span class='ocr_line' id='line_1_58' title="bbox 208 3802 1094 3893; baseline -0.005 -24"><span class='ocrx_word' id='word_1_362' title='bbox 208 3802 271 3873; x_wconf 87' lang='grc' dir='ltr'><strong>νε.</strong></span> <span class='ocrx_word' id='word_1_363' title='bbox 288 3805 374 3877; x_wconf 75' lang='lat'><strong>421.</strong></span> <span class='ocrx_word' id='word_1_364' title='bbox 400 3806 546 3893; x_wconf 83' lang='lat' dir='ltr'><strong>Falcem]</strong></span> <span class='ocrx_word' id='word_1_365' title='bbox 581 3804 715 3884; x_wconf 91' lang='lat' dir='ltr'><strong>idest,</strong></span> <span class='ocrx_word' id='word_1_366' title='bbox 741 3812 893 3870; x_wconf 89' lang='lat' dir='ltr'><strong>nonest</strong></span> <span class='ocrx_word' id='word_1_367' title='bbox 919 3820 1008 3890; x_wconf 86' lang='lat' dir='ltr'><strong>opos</strong></span> <span class='ocrx_word' id='word_1_368' title='bbox 1029 3822 1094 3887; x_wconf 89' lang='lat' dir='ltr'><strong>pu-</strong></span> 
     </span>
    </p>
   </div>
   <div class='ocr_carea' id='block_1_9' title="bbox 106 3907 786 4094">
    <p class='ocr_par' dir='ltr' id='par_1_21' title="bbox 106 3907 786 4094">
     <span class='ocr_line' id='line_1_59' title="bbox 106 3907 256 3974; baseline -0.007 0"><span class='ocrx_word' id='word_1_369' title='bbox 106 3907 256 3974; x_wconf 89' lang='lat' dir='ltr'><strong>tatione.</strong></span> 
     </span>
     <span class='ocr_line' id='line_1_60' title="bbox 208 4002 786 4094; baseline 0.007 -27"><span class='ocrx_word' id='word_1_370' title='bbox 208 4003 270 4075; x_wconf 91' lang='grc' dir='ltr'><strong>νε.</strong></span> <span class='ocrx_word' id='word_1_371' title='bbox 288 4005 373 4079; x_wconf 71' lang='grc'><strong>423.</strong></span> <span class='ocrx_word' id='word_1_372' title='bbox 401 4003 512 4094; x_wconf 78' lang='lat' dir='ltr'><strong>Satis]</strong></span> <span class='ocrx_word' id='word_1_373' title='bbox 540 4002 671 4071; x_wconf 88' lang='lat' dir='ltr'><strong>scilicet</strong></span> <span class='ocrx_word' id='word_1_374' title='bbox 689 4002 786 4071; x_wconf 91' lang='lat' dir='ltr'><strong>olcis.</strong></span> 
     </span>
    </p>
   </div>
   <div class='ocr_carea' id='block_1_10' title="bbox 207 4102 1122 4197">
    <p class='ocr_par' dir='ltr' id='par_1_22' title="bbox 207 4102 1122 4197">
     <span class='ocr_line' id='line_1_61' title="bbox 207 4102 1122 4197; baseline -0.005 -22"><span class='ocrx_word' id='word_1_375' title='bbox 207 4105 270 4192; x_wconf 87' lang='grc' dir='ltr'><strong>νε,</strong></span> <span class='ocrx_word' id='word_1_376' title='bbox 288 4105 374 4181; x_wconf 69' lang='grc'><strong>426.</strong></span> <span class='ocrx_word' id='word_1_377' title='bbox 401 4107 578 4197; x_wconf 78' lang='grc' dir='ltr'><strong>Νιιινὶιον]</strong></span> <span class='ocrx_word' id='word_1_378' title='bbox 613 4103 819 4173; x_wconf 79' lang='grc' dir='ltr'><strong>Αιιίιίειιιιιε</strong></span> <span class='ocrx_word' id='word_1_379' title='bbox 843 4102 1004 4194; x_wconf 90' lang='lat' dir='ltr'><strong>passivus</strong></span> <span class='ocrx_word' id='word_1_380' title='bbox 1026 4127 1122 4195; x_wconf 79' lang='lat' dir='ltr'><strong>pro,</strong></span> 
     </span>
    </p>
   </div>
   <div class='ocr_carea' id='block_1_11' title="bbox 106 4212 1096 5119">
    <p class='ocr_par' dir='ltr' id='par_1_23' title="bbox 106 4212 236 4280">
     <span class='ocr_line' id='line_1_62' title="bbox 106 4212 236 4280; baseline -0.008 0"><span class='ocrx_word' id='word_1_381' title='bbox 106 4212 236 4280; x_wconf 87' lang='lat' dir='ltr'><strong>activo.</strong></span> 
     </span>
    </p>

    <p class='ocr_par' dir='ltr' id='par_1_24' title="bbox 107 4306 1096 4589">
     <span class='ocr_line' id='line_1_63' title="bbox 209 4306 1095 4403; baseline -0.003 -22"><span class='ocrx_word' id='word_1_382' title='bbox 209 4311 270 4381; x_wconf 88' lang='lat' dir='ltr'><strong>Vs.</strong></span> <span class='ocrx_word' id='word_1_383' title='bbox 285 4313 369 4385; x_wconf 87' lang='grc'><strong>430.</strong></span> <span class='ocrx_word' id='word_1_384' title='bbox 395 4312 558 4402; x_wconf 78' lang='lat' dir='ltr'><strong>deiurio]</strong></span> <span class='ocrx_word' id='word_1_385' title='bbox 587 4309 707 4390; x_wconf 90' lang='lat' dir='ltr'><strong>idest,</strong></span> <span class='ocrx_word' id='word_1_386' title='bbox 733 4310 864 4400; x_wconf 85' lang='lat' dir='ltr'><strong>sylvae.</strong></span> <span class='ocrx_word' id='word_1_387' title='bbox 916 4306 1095 4403; x_wconf 87' lang='lat' dir='ltr'><strong>Loquitur</strong></span> 
     </span>
     <span class='ocr_line' id='line_1_64' title="bbox 107 4406 1096 4511; baseline -0.002 -27"><span class='ocrx_word' id='word_1_388' title='bbox 107 4418 151 4484; x_wconf 89' lang='lat' dir='ltr'><strong>de</strong></span> <span class='ocrx_word' id='word_1_389' title='bbox 183 4415 271 4499; x_wconf 94' lang='lat' dir='ltr'><strong>illis,</strong></span> <span class='ocrx_word' id='word_1_390' title='bbox 308 4438 400 4511; x_wconf 90' lang='lat' dir='ltr'><strong>quae</strong></span> <span class='ocrx_word' id='word_1_391' title='bbox 432 4425 627 4483; x_wconf 88' lang='lat' dir='ltr'><strong>nascuntur</strong></span> <span class='ocrx_word' id='word_1_392' title='bbox 659 4410 735 4480; x_wconf 90' lang='lat' dir='ltr'><strong>sinc</strong></span> <span class='ocrx_word' id='word_1_393' title='bbox 764 4423 888 4479; x_wconf 85' lang='lat' dir='ltr'><strong>nostro</strong></span> <span class='ocrx_word' id='word_1_394' title='bbox 912 4406 1036 4481; x_wconf 89' lang='lat' dir='ltr'><strong>labore</strong></span> <span class='ocrx_word' id='word_1_395' title='bbox 1060 4422 1096 4482; x_wconf 84' lang='lat' dir='ltr'><strong>et</strong></span> 
     </span>
     <span class='ocr_line' id='line_1_65' title="bbox 108 4520 258 4589; baseline -0.007 -1"><span class='ocrx_word' id='word_1_396' title='bbox 108 4520 258 4589; x_wconf 88' lang='lat' dir='ltr'><strong>cultura.</strong></span> 
     </span>
    </p>

    <p class='ocr_par' dir='ltr' id='par_1_25' title="bbox 107 4618 1094 4811">
     <span class='ocr_line' id='line_1_66' title="bbox 204 4618 1094 4712; baseline 0.001 -27"><span class='ocrx_word' id='word_1_397' title='bbox 204 4620 266 4690; x_wconf 87' lang='lat' dir='ltr'><strong>Vs.</strong></span> <span class='ocrx_word' id='word_1_398' title='bbox 294 4618 381 4691; x_wconf 82' lang='grc'><strong>433.</strong></span> <span class='ocrx_word' id='word_1_399' title='bbox 416 4622 461 4689; x_wconf 83' lang='lat' dir='ltr'><strong>Et</strong></span> <span class='ocrx_word' id='word_1_400' title='bbox 487 4620 657 4712; x_wconf 76' lang='lat' dir='ltr'><strong>dubitent]</strong></span> <span class='ocrx_word' id='word_1_401' title='bbox 690 4618 728 4687; x_wconf 90' lang='lat' dir='ltr'><strong>id</strong></span> <span class='ocrx_word' id='word_1_402' title='bbox 757 4629 829 4698; x_wconf 91' lang='lat' dir='ltr'><strong>est,</strong></span> <span class='ocrx_word' id='word_1_403' title='bbox 861 4640 940 4686; x_wconf 76' lang='lat' dir='ltr'><strong>crim</strong></span> <span class='ocrx_word' id='word_1_404' title='bbox 964 4624 1094 4686; x_wconf 81' lang='lat' dir='ltr'><strong>natura</strong></span> 
     </span>
     <span class='ocr_line' id='line_1_67' title="bbox 107 4720 961 4811; baseline 0.004 -22"><span class='ocrx_word' id='word_1_405' title='bbox 107 4734 181 4789; x_wconf 89' lang='lat' dir='ltr'><strong>tam</strong></span> <span class='ocrx_word' id='word_1_406' title='bbox 200 4724 311 4793; x_wconf 88' lang='lat' dir='ltr'><strong>multa</strong></span> <span class='ocrx_word' id='word_1_407' title='bbox 328 4746 394 4811; x_wconf 89' lang='lat' dir='ltr'><strong>per</strong></span> <span class='ocrx_word' id='word_1_408' title='bbox 410 4743 446 4790; x_wconf 91' lang='lat' dir='ltr'><strong>se</strong></span> <span class='ocrx_word' id='word_1_409' title='bbox 461 4735 646 4811; x_wconf 86' lang='lat' dir='ltr'><strong>procreet,</strong></span> <span class='ocrx_word' id='word_1_410' title='bbox 672 4720 856 4790; x_wconf 83' lang='lat' dir='ltr'><strong>imitemur</strong></span> <span class='ocrx_word' id='word_1_411' title='bbox 870 4724 961 4793; x_wconf 82' lang='lat' dir='ltr'><strong>eam.</strong></span> 
     </span>
    </p>

    <p class='ocr_par' dir='ltr' id='par_1_26' title="bbox 106 4823 1096 5019">
     <span class='ocr_line' id='line_1_68' title="bbox 208 4823 1096 4914; baseline 0.003 -23"><span class='ocrx_word' id='word_1_412' title='bbox 208 4823 271 4897; x_wconf 88' lang='grc' dir='ltr'><strong>νε.</strong></span> <span class='ocrx_word' id='word_1_413' title='bbox 295 4825 381 4897; x_wconf 88' lang='grc'><strong>436.</strong></span> <span class='ocrx_word' id='word_1_414' title='bbox 418 4826 537 4911; x_wconf 78' lang='lat' dir='ltr'><strong>Melle]</strong></span> <span class='ocrx_word' id='word_1_415' title='bbox 570 4824 608 4895; x_wconf 92' lang='lat' dir='ltr'><strong>id</strong></span> <span class='ocrx_word' id='word_1_416' title='bbox 640 4834 709 4908; x_wconf 90' lang='lat' dir='ltr'><strong>est,</strong></span> <span class='ocrx_word' id='word_1_417' title='bbox 743 4834 796 4892; x_wconf 90' lang='lat' dir='ltr'><strong>est</strong></span> <span class='ocrx_word' id='word_1_418' title='bbox 823 4834 912 4914; x_wconf 87' lang='lat' dir='ltr'><strong>opus</strong></span> <span class='ocrx_word' id='word_1_419' title='bbox 943 4824 1096 4894; x_wconf 82' lang='lat' dir='ltr'><strong>arbustis</strong></span> 
     </span>
     <span class='ocr_line' id='line_1_69' title="bbox 106 4934 369 5019; baseline 0.03 -28"><span class='ocrx_word' id='word_1_420' title='bbox 106 4934 258 5016; x_wconf 89' lang='lat' dir='ltr'><strong>propter</strong></span> <span class='ocrx_word' id='word_1_421' title='bbox 275 4952 369 5019; x_wconf 89' lang='lat' dir='ltr'><strong>apes.</strong></span> 
     </span>
    </p>

    <p class='ocr_par' dir='ltr' id='par_1_27' title="bbox 209 5020 1062 5119">
     <span class='ocr_line' id='line_1_70' title="bbox 209 5020 1062 5119; baseline 0.004 -24"><span class='ocrx_word' id='word_1_422' title='bbox 209 5024 271 5098; x_wconf 90' lang='grc' dir='ltr'><strong>νε.</strong></span> <span class='ocrx_word' id='word_1_423' title='bbox 286 5027 372 5100; x_wconf 78' lang='grc'><strong>437.</strong></span> <span class='ocrx_word' id='word_1_424' title='bbox 400 5026 577 5119; x_wconf 71' lang='lat' dir='ltr'><strong>Cytorum]</strong></span> <span class='ocrx_word' id='word_1_425' title='bbox 603 5026 765 5097; x_wconf 79' lang='lat' dir='ltr'><strong>Mentem</strong></span> <span class='ocrx_word' id='word_1_426' title='bbox 782 5020 1062 5118; x_wconf 83' lang='lat' dir='ltr'><strong>Paphlagoniae.</strong></span> 
     </span>
    </p>
   </div>
   <div class='ocr_carea' id='block_1_12' title="bbox 209 5128 1117 5226">
    <p class='ocr_par' dir='ltr' id='par_1_28' title="bbox 209 5128 1117 5226">
     <span class='ocr_line' id='line_1_71' title="bbox 209 5128 1117 5226; baseline 0.002 -29"><span class='ocrx_word' id='word_1_427' title='bbox 209 5128 269 5201; x_wconf 89' lang='lat' dir='ltr'><strong>Vs.</strong></span> <span class='ocrx_word' id='word_1_428' title='bbox 287 5129 372 5203; x_wconf 80' lang='grc'><strong>438.</strong></span> <span class='ocrx_word' id='word_1_429' title='bbox 399 5134 636 5226; x_wconf 70' lang='lat' dir='ltr'><strong>Naryciusque</strong></span> <span class='ocrx_word' id='word_1_430' title='bbox 654 5130 759 5221; x_wconf 74' lang='lat' dir='ltr'><strong>pieta]</strong></span> <span class='ocrx_word' id='word_1_431' title='bbox 785 5128 839 5198; x_wconf 81' lang='lat' dir='ltr'><strong>Ex</strong></span> <span class='ocrx_word' id='word_1_432' title='bbox 865 5152 936 5199; x_wconf 88' lang='lat' dir='ltr'><strong>una</strong></span> <span class='ocrx_word' id='word_1_433' title='bbox 959 5129 1117 5222; x_wconf 82' lang='lat' dir='ltr'><strong>Ulyssis.</strong></span> 
     </span>
    </p>
   </div>
   <div class='ocr_carea' id='block_1_13' title="bbox 107 5220 1096 5325">
    <p class='ocr_par' dir='ltr' id='par_1_29' title="bbox 107 5220 1096 5325">
     <span class='ocr_line' id='line_1_72' title="bbox 107 5220 1096 5325; baseline 0.006 -26"><span class='ocrx_word' id='word_1_434' title='bbox 107 5230 236 5302; x_wconf 88' lang='lat' dir='ltr'><strong>insula.</strong></span> <span class='ocrx_word' id='word_1_435' title='bbox 294 5220 365 5304; x_wconf 36' lang='lat' dir='ltr'><strong>‘Est</strong></span> <span class='ocrx_word' id='word_1_436' title='bbox 386 5255 536 5320; x_wconf 88' lang='lat' dir='ltr'><strong>magnus</strong></span> <span class='ocrx_word' id='word_1_437' title='bbox 556 5256 640 5305; x_wconf 92' lang='lat' dir='ltr'><strong>usus</strong></span> <span class='ocrx_word' id='word_1_438' title='bbox 661 5232 751 5325; x_wconf 79' lang='lat' dir='ltr'><strong>picis</strong></span> <span class='ocrx_word' id='word_1_439' title='bbox 771 5231 809 5299; x_wconf 91' lang='lat' dir='ltr'><strong>in</strong></span> <span class='ocrx_word' id='word_1_440' title='bbox 832 5232 954 5302; x_wconf 91' lang='lat' dir='ltr'><strong>multis</strong></span> <span class='ocrx_word' id='word_1_441' title='bbox 979 5232 1096 5317; x_wconf 88' lang='lat' dir='ltr'><strong>rebus,</strong></span> 
     </span>
    </p>
   </div>
   <div class='ocr_carea' id='block_1_14' title="bbox 1144 2577 2175 5200">
    <p class='ocr_par' dir='ltr' id='par_1_30' title="bbox 1144 2577 2143 4403">
     <span class='ocr_line' id='line_1_73' title="bbox 1145 2577 2131 2667; baseline 0.001 -23"><span class='ocrx_word' id='word_1_442' title='bbox 1145 2601 1235 2667; x_wconf 84' lang='lat' dir='ltr'><strong>gena</strong></span> <span class='ocrx_word' id='word_1_443' title='bbox 1265 2577 1361 2660; x_wconf 83' lang='lat' dir='ltr'><strong>vini,</strong></span> <span class='ocrx_word' id='word_1_444' title='bbox 1395 2592 1460 2649; x_wconf 91' lang='lat' dir='ltr'><strong>etc.</strong></span> <span class='ocrx_word' id='word_1_445' title='bbox 1519 2579 1666 2653; x_wconf 87' lang='lat' dir='ltr'><strong>Interim</strong></span> <span class='ocrx_word' id='word_1_446' title='bbox 1701 2584 1897 2651; x_wconf 82' lang='lat' dir='ltr'><strong>adveniunt</strong></span> <span class='ocrx_word' id='word_1_447' title='bbox 1927 2580 2131 2662; x_wconf 86' lang='lat' dir='ltr'><strong>latrunculi,</strong></span> 
     </span>
     <span class='ocr_line' id='line_1_74' title="bbox 1146 2679 2131 2769; baseline 0.006 -24"><span class='ocrx_word' id='word_1_448' title='bbox 1146 2679 1269 2746; x_wconf 91' lang='lat' dir='ltr'><strong>vident</strong></span> <span class='ocrx_word' id='word_1_449' title='bbox 1290 2694 1501 2769; x_wconf 87' lang='lat' dir='ltr'><strong>apparatam</strong></span> <span class='ocrx_word' id='word_1_450' title='bbox 1521 2708 1694 2753; x_wconf 72' lang='lat' dir='ltr'><strong>memsam.</strong></span> <span class='ocrx_word' id='word_1_451' title='bbox 1745 2683 1797 2753; x_wconf 93' lang='lat' dir='ltr'><strong>lbi</strong></span> <span class='ocrx_word' id='word_1_452' title='bbox 1814 2685 1993 2752; x_wconf 78' lang='lat' dir='ltr'><strong>llobertus</strong></span> <span class='ocrx_word' id='word_1_453' title='bbox 2010 2682 2131 2753; x_wconf 87' lang='lat' dir='ltr'><strong>statim</strong></span> 
     </span>
     <span class='ocr_line' id='line_1_75' title="bbox 1145 2783 2132 2876; baseline 0.002 -27"><span class='ocrx_word' id='word_1_454' title='bbox 1145 2805 1211 2871; x_wconf 89' lang='lat' dir='ltr'><strong>per</strong></span> <span class='ocrx_word' id='word_1_455' title='bbox 1240 2783 1470 2850; x_wconf 88' lang='lat' dir='ltr'><strong>deductorem</strong></span> <span class='ocrx_word' id='word_1_456' title='bbox 1500 2796 1538 2851; x_wconf 87' lang='lat' dir='ltr'><strong>et</strong></span> <span class='ocrx_word' id='word_1_457' title='bbox 1565 2785 1795 2874; x_wconf 87' lang='lat' dir='ltr'><strong>interpretem</strong></span> <span class='ocrx_word' id='word_1_458' title='bbox 1822 2787 1959 2876; x_wconf 85' lang='lat' dir='ltr'><strong>excepit</strong></span> <span class='ocrx_word' id='word_1_459' title='bbox 1984 2810 2064 2866; x_wconf 92' lang='lat' dir='ltr'><strong>eos,</strong></span> <span class='ocrx_word' id='word_1_460' title='bbox 2097 2796 2132 2853; x_wconf 89' lang='lat' dir='ltr'><strong>et</strong></span> 
     </span>
     <span class='ocr_line' id='line_1_76' title="bbox 1144 2885 2131 2969; baseline 0.004 -18"><span class='ocrx_word' id='word_1_461' title='bbox 1144 2885 1292 2951; x_wconf 89' lang='lat' dir='ltr'><strong>mandat</strong></span> <span class='ocrx_word' id='word_1_462' title='bbox 1322 2886 1527 2967; x_wconf 85' lang='lat' dir='ltr'><strong>deducturi,</strong></span> <span class='ocrx_word' id='word_1_463' title='bbox 1560 2899 1601 2954; x_wconf 92' lang='lat' dir='ltr'><strong>ut</strong></span> <span class='ocrx_word' id='word_1_464' title='bbox 1629 2886 1724 2954; x_wconf 90' lang='lat' dir='ltr'><strong>dicat</strong></span> <span class='ocrx_word' id='word_1_465' title='bbox 1753 2889 1822 2969; x_wconf 92' lang='lat' dir='ltr'><strong>eis,</strong></span> <span class='ocrx_word' id='word_1_466' title='bbox 1856 2889 1977 2954; x_wconf 91' lang='lat' dir='ltr'><strong>videre</strong></span> <span class='ocrx_word' id='word_1_467' title='bbox 2011 2912 2049 2957; x_wconf 90' lang='lat' dir='ltr'><strong>se</strong></span> <span class='ocrx_word' id='word_1_468' title='bbox 2070 2910 2131 2955; x_wconf 87' lang='lat' dir='ltr'><strong>eos</strong></span> 
     </span>
     <span class='ocr_line' id='line_1_77' title="bbox 1144 2982 2131 3080; baseline 0.002 -27"><span class='ocrx_word' id='word_1_469' title='bbox 1144 2982 1308 3054; x_wconf 85' lang='lat' dir='ltr'><strong>homines</strong></span> <span class='ocrx_word' id='word_1_470' title='bbox 1330 2987 1384 3054; x_wconf 88' lang='lat' dir='ltr'><strong>rei</strong></span> <span class='ocrx_word' id='word_1_471' title='bbox 1407 2986 1571 3058; x_wconf 90' lang='lat' dir='ltr'><strong>militaris</strong></span> <span class='ocrx_word' id='word_1_472' title='bbox 1594 2989 1748 3079; x_wconf 88' lang='lat' dir='ltr'><strong>peritos,</strong></span> <span class='ocrx_word' id='word_1_473' title='bbox 1771 3002 1806 3057; x_wconf 90' lang='lat' dir='ltr'><strong>et</strong></span> <span class='ocrx_word' id='word_1_474' title='bbox 1829 3013 1864 3058; x_wconf 90' lang='lat' dir='ltr'><strong>se</strong></span> <span class='ocrx_word' id='word_1_475' title='bbox 1888 3012 2032 3080; x_wconf 91' lang='lat' dir='ltr'><strong>quoque</strong></span> <span class='ocrx_word' id='word_1_476' title='bbox 2056 3011 2131 3057; x_wconf 86' lang='lat' dir='ltr'><strong>esse</strong></span> 
     </span>
     <span class='ocr_line' id='line_1_78' title="bbox 1144 3083 2132 3169; baseline 0.002 -15"><span class='ocrx_word' id='word_1_477' title='bbox 1144 3083 1328 3154; x_wconf 85' lang='lat' dir='ltr'><strong>hominem</strong></span> <span class='ocrx_word' id='word_1_478' title='bbox 1358 3088 1569 3169; x_wconf 91' lang='lat' dir='ltr'><strong>militarem;</strong></span> <span class='ocrx_word' id='word_1_479' title='bbox 1610 3114 1683 3160; x_wconf 91' lang='lat' dir='ltr'><strong>esse</strong></span> <span class='ocrx_word' id='word_1_480' title='bbox 1714 3103 1833 3160; x_wconf 91' lang='lat' dir='ltr'><strong>autem</strong></span> <span class='ocrx_word' id='word_1_481' title='bbox 1864 3086 1960 3158; x_wconf 90' lang='lat' dir='ltr'><strong>hunc</strong></span> <span class='ocrx_word' id='word_1_482' title='bbox 1992 3112 2132 3157; x_wconf 87' lang='lat' dir='ltr'><strong>morem</strong></span> 
     </span>
     <span class='ocr_line' id='line_1_79' title="bbox 1145 3191 2133 3285; baseline 0 -28"><span class='ocrx_word' id='word_1_483' title='bbox 1145 3192 1283 3280; x_wconf 90' lang='lat' dir='ltr'><strong>patriae</strong></span> <span class='ocrx_word' id='word_1_484' title='bbox 1310 3212 1414 3272; x_wconf 85' lang='lat' dir='ltr'><strong>snae,</strong></span> <span class='ocrx_word' id='word_1_485' title='bbox 1448 3204 1508 3273; x_wconf 89' lang='lat' dir='ltr'><strong>ut,</strong></span> <span class='ocrx_word' id='word_1_486' title='bbox 1542 3193 1572 3261; x_wconf 89' lang='lat' dir='ltr'><strong>si</strong></span> <span class='ocrx_word' id='word_1_487' title='bbox 1596 3193 1742 3285; x_wconf 90' lang='lat' dir='ltr'><strong>quando</strong></span> <span class='ocrx_word' id='word_1_488' title='bbox 1766 3192 1998 3261; x_wconf 88' lang='lat' dir='ltr'><strong>convenerint</strong></span> <span class='ocrx_word' id='word_1_489' title='bbox 2023 3191 2133 3259; x_wconf 87' lang='lat' dir='ltr'><strong>bella·</strong></span> 
     </span>
     <span class='ocr_line' id='line_1_80' title="bbox 1144 3290 2133 3387; baseline 0.003 -27"><span class='ocrx_word' id='word_1_490' title='bbox 1144 3305 1260 3375; x_wconf 86' lang='lat' dir='ltr'><strong>tores,</strong></span> <span class='ocrx_word' id='word_1_491' title='bbox 1301 3292 1475 3362; x_wconf 89' lang='lat' dir='ltr'><strong>amicitias</strong></span> <span class='ocrx_word' id='word_1_492' title='bbox 1511 3290 1744 3364; x_wconf 89' lang='lat' dir='ltr'><strong>contrabant:</strong></span> <span class='ocrx_word' id='word_1_493' title='bbox 1787 3318 1898 3387; x_wconf 90' lang='lat' dir='ltr'><strong>quare</strong></span> <span class='ocrx_word' id='word_1_494' title='bbox 1923 3316 2051 3383; x_wconf 89' lang='lat' dir='ltr'><strong>rogare</strong></span> <span class='ocrx_word' id='word_1_495' title='bbox 2082 3316 2133 3377; x_wconf 85' lang='lat' dir='ltr'><strong>se,</strong></span> 
     </span>
     <span class='ocr_line' id='line_1_81' title="bbox 1144 3392 2133 3489; baseline 0.001 -25"><span class='ocrx_word' id='word_1_496' title='bbox 1144 3407 1185 3464; x_wconf 91' lang='lat' dir='ltr'><strong>ut</strong></span> <span class='ocrx_word' id='word_1_497' title='bbox 1205 3417 1277 3465; x_wconf 79' lang='lat' dir='ltr'><strong>tina</strong></span> <span class='ocrx_word' id='word_1_498' title='bbox 1301 3419 1446 3489; x_wconf 91' lang='lat' dir='ltr'><strong>quoque</strong></span> <span class='ocrx_word' id='word_1_499' title='bbox 1468 3397 1635 3487; x_wconf 90' lang='lat' dir='ltr'><strong>pransuri</strong></span> <span class='ocrx_word' id='word_1_500' title='bbox 1661 3398 1883 3467; x_wconf 88' lang='lat' dir='ltr'><strong>accumbant.</strong></span> <span class='ocrx_word' id='word_1_501' title='bbox 1941 3392 2003 3464; x_wconf 92' lang='lat' dir='ltr'><strong>lsti</strong></span> <span class='ocrx_word' id='word_1_502' title='bbox 2023 3396 2133 3465; x_wconf 90' lang='lat' dir='ltr'><strong>latro·</strong></span> 
     </span>
     <span class='ocr_line' id='line_1_82' title="bbox 1145 3496 2143 3588; baseline 0 -23"><span class='ocrx_word' id='word_1_503' title='bbox 1145 3520 1209 3567; x_wconf 88' lang='lat' dir='ltr'><strong>nes</strong></span> <span class='ocrx_word' id='word_1_504' title='bbox 1231 3497 1453 3567; x_wconf 87' lang='lat' dir='ltr'><strong>delectantur</strong></span> <span class='ocrx_word' id='word_1_505' title='bbox 1476 3499 1701 3570; x_wconf 86' lang='lat' dir='ltr'><strong>sermonibus</strong></span> <span class='ocrx_word' id='word_1_506' title='bbox 1717 3498 1868 3568; x_wconf 80' lang='lat' dir='ltr'><strong>lloberti</strong></span> <span class='ocrx_word' id='word_1_507' title='bbox 1890 3497 2006 3588; x_wconf 88' lang='lat' dir='ltr'><strong>plenis</strong></span> <span class='ocrx_word' id='word_1_508' title='bbox 2023 3496 2143 3565; x_wconf 89' lang='lat' dir='ltr'><strong>comi-.</strong></span> 
     </span>
     <span class='ocr_line' id='line_1_83' title="bbox 1146 3598 2133 3690; baseline -0.002 -22"><span class='ocrx_word' id='word_1_509' title='bbox 1146 3613 1230 3681; x_wconf 89' lang='lat' dir='ltr'><strong>tate,</strong></span> <span class='ocrx_word' id='word_1_510' title='bbox 1252 3611 1288 3667; x_wconf 89' lang='lat' dir='ltr'><strong>et</strong></span> <span class='ocrx_word' id='word_1_511' title='bbox 1301 3602 1527 3671; x_wconf 89' lang='lat' dir='ltr'><strong>accumbunt.</strong></span> <span class='ocrx_word' id='word_1_512' title='bbox 1579 3602 1742 3670; x_wconf 88' lang='lat' dir='ltr'><strong>Tandem</strong></span> <span class='ocrx_word' id='word_1_513' title='bbox 1760 3612 1841 3690; x_wconf 92' lang='lat' dir='ltr'><strong>post</strong></span> <span class='ocrx_word' id='word_1_514' title='bbox 1859 3601 2049 3689; x_wconf 89' lang='lat' dir='ltr'><strong>prandium</strong></span> <span class='ocrx_word' id='word_1_515' title='bbox 2058 3598 2133 3666; x_wconf 84' lang='lat' dir='ltr'><strong>Ro·</strong></span> 
     </span>
     <span class='ocr_line' id='line_1_84' title="bbox 1145 3698 2131 3789; baseline -0.001 -21"><span class='ocrx_word' id='word_1_516' title='bbox 1145 3702 1266 3768; x_wconf 90' lang='lat' dir='ltr'><strong>bertus</strong></span> <span class='ocrx_word' id='word_1_517' title='bbox 1284 3701 1394 3766; x_wconf 89' lang='lat' dir='ltr'><strong>multa</strong></span> <span class='ocrx_word' id='word_1_518' title='bbox 1412 3704 1505 3767; x_wconf 90' lang='lat' dir='ltr'><strong>dona</strong></span> <span class='ocrx_word' id='word_1_519' title='bbox 1525 3703 1721 3789; x_wconf 83' lang='lat' dir='ltr'><strong>expromit,</strong></span> <span class='ocrx_word' id='word_1_520' title='bbox 1746 3698 1831 3769; x_wconf 91' lang='lat' dir='ltr'><strong>huic</strong></span> <span class='ocrx_word' id='word_1_521' title='bbox 1845 3703 1908 3767; x_wconf 86' lang='lat' dir='ltr'><strong>dat</strong></span> <span class='ocrx_word' id='word_1_522' title='bbox 1923 3711 2131 3786; x_wconf 83' lang='lat' dir='ltr'><strong>argenteum</strong></span> 
     </span>
     <span class='ocr_line' id='line_1_85' title="bbox 1145 3799 2131 3890; baseline -0.002 -22"><span class='ocrx_word' id='word_1_523' title='bbox 1145 3800 1358 3890; x_wconf 81' lang='lat' dir='ltr'><strong>pugionem,</strong></span> <span class='ocrx_word' id='word_1_524' title='bbox 1384 3800 1435 3866; x_wconf 93' lang='lat' dir='ltr'><strong>illi</strong></span> <span class='ocrx_word' id='word_1_525' title='bbox 1458 3825 1625 3880; x_wconf 80' lang='lat' dir='ltr'><strong>atrreum,</strong></span> <span class='ocrx_word' id='word_1_526' title='bbox 1652 3813 1737 3882; x_wconf 91' lang='lat' dir='ltr'><strong>etc.,</strong></span> <span class='ocrx_word' id='word_1_527' title='bbox 1771 3812 1805 3868; x_wconf 86' lang='lat' dir='ltr'><strong>et</strong></span> <span class='ocrx_word' id='word_1_528' title='bbox 1828 3800 1876 3865; x_wconf 92' lang='lat' dir='ltr'><strong>ita</strong></span> <span class='ocrx_word' id='word_1_529' title='bbox 1899 3799 2046 3888; x_wconf 87' lang='lat' dir='ltr'><strong>singulis</strong></span> <span class='ocrx_word' id='word_1_530' title='bbox 2067 3800 2131 3867; x_wconf 89' lang='lat' dir='ltr'><strong>ali·</strong></span> 
     </span>
     <span class='ocr_line' id='line_1_86' title="bbox 1147 3899 2132 3995; baseline 0 -26"><span class='ocrx_word' id='word_1_531' title='bbox 1147 3901 1233 3995; x_wconf 90' lang='lat' dir='ltr'><strong>quid</strong></span> <span class='ocrx_word' id='word_1_532' title='bbox 1259 3901 1381 3970; x_wconf 89' lang='lat' dir='ltr'><strong>donat.</strong></span> <span class='ocrx_word' id='word_1_533' title='bbox 1432 3899 1487 3968; x_wconf 90' lang='lat' dir='ltr'><strong>llli</strong></span> <span class='ocrx_word' id='word_1_534' title='bbox 1508 3903 1641 3991; x_wconf 75' lang='lat' dir='ltr'><strong>gratias</strong></span> <span class='ocrx_word' id='word_1_535' title='bbox 1663 3915 1806 3991; x_wconf 82' lang='lat' dir='ltr'><strong>agentes</strong></span> <span class='ocrx_word' id='word_1_536' title='bbox 1828 3901 2033 3984; x_wconf 89' lang='lat' dir='ltr'><strong>discedunt,</strong></span> <span class='ocrx_word' id='word_1_537' title='bbox 2066 3926 2132 3993; x_wconf 93' lang='lat' dir='ltr'><strong>po-</strong></span> 
     </span>
     <span class='ocr_line' id='line_1_87' title="bbox 1146 4001 2130 4089; baseline -0.002 -16"><span class='ocrx_word' id='word_1_538' title='bbox 1146 4001 1269 4074; x_wconf 88' lang='lat' dir='ltr'><strong>stridie</strong></span> <span class='ocrx_word' id='word_1_539' title='bbox 1291 4003 1441 4071; x_wconf 85' lang='lat' dir='ltr'><strong>veniunt</strong></span> <span class='ocrx_word' id='word_1_540' title='bbox 1460 4007 1574 4072; x_wconf 92' lang='lat' dir='ltr'><strong>multo</strong></span> <span class='ocrx_word' id='word_1_541' title='bbox 1592 4005 1857 4086; x_wconf 86' lang='lat' dir='ltr'><strong>instructiores,</strong></span> <span class='ocrx_word' id='word_1_542' title='bbox 1883 4016 1918 4071; x_wconf 91' lang='lat' dir='ltr'><strong>et</strong></span> <span class='ocrx_word' id='word_1_543' title='bbox 1931 4002 2130 4089; x_wconf 83' lang='lat' dir='ltr'><strong>Robertum</strong></span> 
     </span>
     <span class='ocr_line' id='line_1_88' title="bbox 1147 4103 2131 4198; baseline -0.001 -24"><span class='ocrx_word' id='word_1_544' title='bbox 1147 4130 1227 4174; x_wconf 91' lang='lat' dir='ltr'><strong>cum</strong></span> <span class='ocrx_word' id='word_1_545' title='bbox 1252 4103 1324 4173; x_wconf 88' lang='lat' dir='ltr'><strong>suis</strong></span> <span class='ocrx_word' id='word_1_546' title='bbox 1349 4107 1530 4174; x_wconf 90' lang='lat' dir='ltr'><strong>abducunt</strong></span> <span class='ocrx_word' id='word_1_547' title='bbox 1553 4107 1591 4174; x_wconf 93' lang='lat' dir='ltr'><strong>in</strong></span> <span class='ocrx_word' id='word_1_548' title='bbox 1614 4128 1732 4175; x_wconf 85' lang='lat' dir='ltr'><strong>arcem</strong></span> <span class='ocrx_word' id='word_1_549' title='bbox 1757 4106 1960 4198; x_wconf 90' lang='lat' dir='ltr'><strong>quandam,</strong></span> <span class='ocrx_word' id='word_1_550' title='bbox 1993 4118 2131 4174; x_wconf 89' lang='lat' dir='ltr'><strong>etcum</strong></span> 
     </span>
     <span class='ocr_line' id='line_1_89' title="bbox 1146 4205 2132 4299; baseline 0.001 -23"><span class='ocrx_word' id='word_1_551' title='bbox 1146 4206 1340 4277; x_wconf 85' lang='lat' dir='ltr'><strong>lautissime</strong></span> <span class='ocrx_word' id='word_1_552' title='bbox 1363 4220 1592 4293; x_wconf 87' lang='lat' dir='ltr'><strong>tractassent,</strong></span> <span class='ocrx_word' id='word_1_553' title='bbox 1619 4209 1841 4279; x_wconf 90' lang='lat' dir='ltr'><strong>dimiserunt.</strong></span> <span class='ocrx_word' id='word_1_554' title='bbox 1893 4205 1947 4275; x_wconf 94' lang='lat' dir='ltr'><strong>llli</strong></span> <span class='ocrx_word' id='word_1_555' title='bbox 1965 4208 2033 4299; x_wconf 91' lang='lat' dir='ltr'><strong>ipsi</strong></span> <span class='ocrx_word' id='word_1_556' title='bbox 2049 4219 2132 4278; x_wconf 90' lang='lat' dir='ltr'><strong>sunt</strong></span> 
     </span>
     <span class='ocr_line' id='line_1_90' title="bbox 1145 4306 1291 4403; baseline 0 -24"><span class='ocrx_word' id='word_1_557' title='bbox 1145 4306 1291 4403; x_wconf 91' lang='lat' dir='ltr'><strong>ltbyrei.</strong></span> 
     </span>
    </p>

    <p class='ocr_par' dir='ltr' id='par_1_31' title="bbox 1145 4408 2132 4607">
     <span class='ocr_line' id='line_1_91' title="bbox 1247 4408 2132 4503; baseline -0.001 -25"><span class='ocrx_word' id='word_1_558' title='bbox 1247 4412 1307 4482; x_wconf 89' lang='lat' dir='ltr'><strong>Vs.</strong></span> <span class='ocrx_word' id='word_1_559' title='bbox 1323 4409 1410 4482; x_wconf 77' lang='lat'><strong>451.</strong></span> <span class='ocrx_word' id='word_1_560' title='bbox 1445 4413 1573 4503; x_wconf 77' lang='lat' dir='ltr'><strong>Alana]</strong></span> <span class='ocrx_word' id='word_1_561' title='bbox 1608 4412 1726 4485; x_wconf 81' lang='lat' dir='ltr'><strong>Nares</strong></span> <span class='ocrx_word' id='word_1_562' title='bbox 1755 4413 1840 4482; x_wconf 90' lang='lat' dir='ltr'><strong>inde</strong></span> <span class='ocrx_word' id='word_1_563' title='bbox 1869 4412 1979 4494; x_wconf 82' lang='lat' dir='ltr'><strong>fiunt,</strong></span> <span class='ocrx_word' id='word_1_564' title='bbox 2007 4408 2045 4479; x_wconf 92' lang='lat' dir='ltr'><strong>id</strong></span> <span class='ocrx_word' id='word_1_565' title='bbox 2069 4421 2132 4493; x_wconf 91' lang='lat' dir='ltr'><strong>est,</strong></span> 
     </span>
     <span class='ocr_line' id='line_1_92' title="bbox 1145 4515 2010 4607; baseline -0.002 -23"><span class='ocrx_word' id='word_1_566' title='bbox 1145 4538 1278 4606; x_wconf 82' lang='lat' dir='ltr'><strong>magna</strong></span> <span class='ocrx_word' id='word_1_567' title='bbox 1294 4516 1428 4585; x_wconf 86' lang='lat' dir='ltr'><strong>utilitas</strong></span> <span class='ocrx_word' id='word_1_568' title='bbox 1444 4528 1495 4584; x_wconf 88' lang='lat' dir='ltr'><strong>est</strong></span> <span class='ocrx_word' id='word_1_569' title='bbox 1513 4516 1619 4585; x_wconf 87' lang='lat' dir='ltr'><strong>etiam</strong></span> <span class='ocrx_word' id='word_1_570' title='bbox 1635 4527 1761 4607; x_wconf 90' lang='lat' dir='ltr'><strong>sponte</strong></span> <span class='ocrx_word' id='word_1_571' title='bbox 1776 4515 2010 4585; x_wconf 88' lang='lat' dir='ltr'><strong>nascentium.</strong></span> 
     </span>
    </p>

    <p class='ocr_par' dir='ltr' id='par_1_32' title="bbox 1146 4609 2175 4815">
     <span class='ocr_line' id='line_1_93' title="bbox 1236 4609 2132 4710; baseline -0.007 -28"><span class='ocrx_word' id='word_1_572' title='bbox 1236 4615 1309 4688; x_wconf 72' lang='grc' dir='ltr'><strong>’νει</strong></span> <span class='ocrx_word' id='word_1_573' title='bbox 1325 4614 1412 4688; x_wconf 81' lang='grc'><strong>404.</strong></span> <span class='ocrx_word' id='word_1_574' title='bbox 1438 4619 1622 4710; x_wconf 68' lang='lat' dir='ltr'><strong>maneta]</strong></span> <span class='ocrx_word' id='word_1_575' title='bbox 1647 4620 1683 4686; x_wconf 90' lang='lat' dir='ltr'><strong>id</strong></span> <span class='ocrx_word' id='word_1_576' title='bbox 1706 4630 1777 4700; x_wconf 83' lang='lat' dir='ltr'><strong>est,</strong></span> <span class='ocrx_word' id='word_1_577' title='bbox 1800 4636 1952 4706; x_wconf 78' lang='lat' dir='ltr'><strong>magnae</strong></span> <span class='ocrx_word' id='word_1_578' title='bbox 1966 4623 2050 4684; x_wconf 91' lang='lat' dir='ltr'><strong>sunt</strong></span> <span class='ocrx_word' id='word_1_579' title='bbox 2063 4609 2132 4679; x_wconf 88' lang='lat' dir='ltr'><strong>nti·</strong></span> 
     </span>
     <span class='ocr_line' id='line_1_94' title="bbox 1146 4714 2175 4815; baseline -0.01 -26"><span class='ocrx_word' id='word_1_580' title='bbox 1146 4721 1263 4790; x_wconf 85' lang='lat' dir='ltr'><strong>litates</strong></span> <span class='ocrx_word' id='word_1_581' title='bbox 1276 4719 1519 4815; x_wconf 85' lang='lat' dir='ltr'><strong>reliquorum,</strong></span> <span class='ocrx_word' id='word_1_582' title='bbox 1543 4744 1618 4788; x_wconf 88' lang='lat' dir='ltr'><strong>non</strong></span> <span class='ocrx_word' id='word_1_583' title='bbox 1636 4722 1795 4789; x_wconf 83' lang='lat' dir='ltr'><strong>minores</strong></span> <span class='ocrx_word' id='word_1_584' title='bbox 1810 4742 1918 4811; x_wconf 90' lang='lat' dir='ltr'><strong>quarn</strong></span> <span class='ocrx_word' id='word_1_585' title='bbox 1933 4714 2074 4782; x_wconf 88' lang='lat' dir='ltr'><strong>vitium.</strong></span> <span class='ocrx_word' id='word_1_586' title='bbox 2169 4738 2175 4755; x_wconf 87' lang='lat'><strong>·</strong></span> 
     </span>
    </p>

    <p class='ocr_par' dir='ltr' id='par_1_33' title="bbox 1246 4810 2133 4922">
     <span class='ocr_line' id='line_1_95' title="bbox 1246 4810 2133 4922; baseline -0.01 -29"><span class='ocrx_word' id='word_1_587' title='bbox 1246 4821 1307 4893; x_wconf 88' lang='lat' dir='ltr'><strong>Vs.</strong></span> <span class='ocrx_word' id='word_1_588' title='bbox 1318 4820 1405 4895; x_wconf 88' lang='grc'><strong>460.</strong></span> <span class='ocrx_word' id='word_1_589' title='bbox 1425 4828 1609 4897; x_wconf 61' lang='lat' dir='ltr'><strong>&amp;narem</strong></span> <span class='ocrx_word' id='word_1_590' title='bbox 1624 4817 1704 4922; x_wconf 85' lang='lat' dir='ltr'><strong>leto]</strong></span> <span class='ocrx_word' id='word_1_591' title='bbox 1718 4821 1809 4890; x_wconf 84' lang='lat' dir='ltr'><strong>Vide</strong></span> <span class='ocrx_word' id='word_1_592' title='bbox 1816 4821 2011 4911; x_wconf 85' lang='lat' dir='ltr'><strong>Odysseam</strong></span> <span class='ocrx_word' id='word_1_593' title='bbox 2024 4838 2065 4908; x_wconf 82' lang='grc' dir='ltr'><strong>φ.</strong></span> <span class='ocrx_word' id='word_1_594' title='bbox 2072 4810 2133 4908; x_wconf 77' lang='lat'><strong>¹¹)</strong></span> 
     </span>
    </p>

    <p class='ocr_par' dir='ltr' id='par_1_34' title="bbox 1146 4916 2135 5200">
     <span class='ocr_line' id='line_1_96' title="bbox 1248 4916 2133 5016; baseline -0.009 -24"><span class='ocrx_word' id='word_1_595' title='bbox 1248 4926 1309 4997; x_wconf 88' lang='grc' dir='ltr'><strong>νε.</strong></span> <span class='ocrx_word' id='word_1_596' title='bbox 1326 4923 1414 4998; x_wconf 80' lang='grc'><strong>403.</strong></span> <span class='ocrx_word' id='word_1_597' title='bbox 1441 4925 1697 5016; x_wconf 75' lang='lat' dir='ltr'><strong>Osortunatot]</strong></span> <span class='ocrx_word' id='word_1_598' title='bbox 1722 4921 1936 4993; x_wconf 86' lang='lat' dir='ltr'><strong>Encomium</strong></span> <span class='ocrx_word' id='word_1_599' title='bbox 1957 4916 2052 4985; x_wconf 83' lang='lat' dir='ltr'><strong>vitae</strong></span> <span class='ocrx_word' id='word_1_600' title='bbox 2072 4938 2133 4984; x_wconf 87' lang='lat' dir='ltr'><strong>ru·</strong></span> 
     </span>
     <span class='ocr_line' id='line_1_97' title="bbox 1147 5014 2135 5123; baseline -0.012 -25"><span class='ocrx_word' id='word_1_601' title='bbox 1147 5027 1274 5111; x_wconf 88' lang='lat' dir='ltr'><strong>sticae,</strong></span> <span class='ocrx_word' id='word_1_602' title='bbox 1308 5043 1430 5123; x_wconf 83' lang='lat' dir='ltr'><strong>estque</strong></span> <span class='ocrx_word' id='word_1_603' title='bbox 1457 5025 1516 5098; x_wconf 89' lang='lat' dir='ltr'><strong>hic</strong></span> <span class='ocrx_word' id='word_1_604' title='bbox 1539 5029 1638 5098; x_wconf 86' lang='lat' dir='ltr'><strong>locus</strong></span> <span class='ocrx_word' id='word_1_605' title='bbox 1663 5022 1863 5096; x_wconf 86' lang='lat' dir='ltr'><strong>eommunis</strong></span> <span class='ocrx_word' id='word_1_606' title='bbox 1885 5022 1992 5114; x_wconf 86' lang='lat' dir='ltr'><strong>plane</strong></span> <span class='ocrx_word' id='word_1_607' title='bbox 2013 5014 2135 5088; x_wconf 88' lang='lat' dir='ltr'><strong>rheto-</strong></span> 
     </span>
     <span class='ocr_line' id='line_1_98' title="bbox 1146 5155 1253 5200; baseline 0.019 -2"><span class='ocrx_word' id='word_1_608' title='bbox 1146 5155 1253 5200; x_wconf 80' lang='lat' dir='ltr'><strong>ricus.</strong></span> 
     </span>
    </p>
   </div>
   <div class='ocr_carea' id='block_1_15' title="bbox 1152 5252 1359 5269">
    <p class='ocr_par' dir='ltr' id='par_1_35' title="bbox 1152 5252 1359 5269">
     <span class='ocr_line' id='line_1_99' title="bbox 1152 5252 1359 5269; baseline 0 0"><span class='ocrx_word' id='word_1_609' title='bbox 1152 5252 1359 5269; x_wconf 63' lang='grc' dir='ltr'><strong>,ιιι-ι...-</strong></span> 
     </span>
    </p>
   </div>
   <div class='ocr_carea' id='block_1_16' title="bbox 1181 5289 2089 5363">
    <p class='ocr_par' dir='ltr' id='par_1_36' title="bbox 1181 5289 2089 5363">
     <span class='ocr_line' id='line_1_100' title="bbox 1181 5289 2089 5363; baseline -0.013 -13"><span class='ocrx_word' id='word_1_610' title='bbox 1181 5296 1230 5363; x_wconf 72' lang='lat'><strong>8⁷)</strong></span> <span class='ocrx_word' id='word_1_611' title='bbox 1250 5296 1424 5361; x_wconf 67' lang='lat' dir='ltr'><strong>dertosane]</strong></span> <span class='ocrx_word' id='word_1_612' title='bbox 1443 5295 1482 5345; x_wconf 84' lang='lat' dir='ltr'><strong>stc</strong></span> <span class='ocrx_word' id='word_1_613' title='bbox 1499 5294 1549 5346; x_wconf 84' lang='grc' dir='ltr'><strong>ιιιι.</strong></span> <span class='ocrx_word' id='word_1_614' title='bbox 1566 5293 1661 5361; x_wconf 66' lang='lat' dir='ltr'><strong>tm,</strong></span> <span class='ocrx_word' id='word_1_615' title='bbox 1683 5292 1733 5345; x_wconf 82' lang='lat' dir='ltr'><strong>rt.</strong></span> <span class='ocrx_word' id='word_1_616' title='bbox 1752 5290 1891 5355; x_wconf 75' lang='lat' dir='ltr'><strong>Wagner.</strong></span> <span class='ocrx_word' id='word_1_617' title='bbox 1910 5289 2089 5353; x_wconf 72' lang='lat' dir='ltr'><strong>cedrumque.</strong></span> 
     </span>
    </p>
   </div>
   <div class='ocr_carea' id='block_1_17' title="bbox 107 5332 2032 5531">
    <p class='ocr_par' dir='ltr' id='par_1_37' title="bbox 107 5332 2032 5531">
     <span class='ocr_line' id='line_1_101' title="bbox 108 5332 2032 5446; baseline 0.002 -43"><span class='ocrx_word' id='word_1_618' title='bbox 108 5348 145 5403; x_wconf 90' lang='lat' dir='ltr'><strong>et</strong></span> <span class='ocrx_word' id='word_1_619' title='bbox 167 5334 344 5405; x_wconf 84' lang='lat' dir='ltr'><strong>maximus</strong></span> <span class='ocrx_word' id='word_1_620' title='bbox 367 5346 533 5428; x_wconf 89' lang='lat' dir='ltr'><strong>quaestus</strong></span> <span class='ocrx_word' id='word_1_621' title='bbox 559 5349 612 5406; x_wconf 84' lang='lat' dir='ltr'><strong>est</strong></span> <span class='ocrx_word' id='word_1_622' title='bbox 634 5334 805 5405; x_wconf 87' lang='lat' dir='ltr'><strong>Sarmatis</strong></span> <span class='ocrx_word' id='word_1_623' title='bbox 826 5346 861 5402; x_wconf 90' lang='lat' dir='ltr'><strong>et</strong></span> <span class='ocrx_word' id='word_1_624' title='bbox 877 5332 1030 5406; x_wconf 79' lang='lat' dir='ltr'><strong>Rutenis</strong></span> <span class='ocrx_word' id='word_1_625' title='bbox 1053 5360 1096 5405; x_wconf 83' lang='lat' dir='ltr'><strong>ex</strong></span> <span class='ocrx_word' id='word_1_626' title='bbox 1181 5382 1230 5442; x_wconf 77' lang='lat'><strong>⁸8)</strong></span> <span class='ocrx_word' id='word_1_627' title='bbox 1248 5382 1395 5443; x_wconf 50' lang='lat' dir='ltr'><strong>mum„</strong></span> <span class='ocrx_word' id='word_1_628' title='bbox 1414 5378 1459 5430; x_wconf 64' lang='lat'><strong>„⁰</strong></span> <span class='ocrx_word' id='word_1_629' title='bbox 1475 5380 1525 5432; x_wconf 41' lang='lat' dir='ltr'><strong>Ed·</strong></span> <span class='ocrx_word' id='word_1_630' title='bbox 1541 5380 1637 5446; x_wconf 51' lang='grc' dir='ltr'><strong>Μ,</strong></span> <span class='ocrx_word' id='word_1_631' title='bbox 1660 5378 1712 5432; x_wconf 56' lang='lat' dir='ltr'><strong>Eg</strong></span> <span class='ocrx_word' id='word_1_632' title='bbox 1727 5378 1867 5442; x_wconf 48' lang='lat' dir='ltr'><strong>ww,</strong></span> <span class='ocrx_word' id='word_1_633' title='bbox 1887 5376 2032 5429; x_wconf 60' lang='lat' dir='ltr'><strong>mm„</strong></span> 
     </span>
     <span class='ocr_line' id='line_1_102' title="bbox 107 5434 1638 5531; baseline 0.003 -24"><span class='ocrx_word' id='word_1_634' title='bbox 107 5460 175 5507; x_wconf 87' lang='lat' dir='ltr'><strong>usu</strong></span> <span class='ocrx_word' id='word_1_635' title='bbox 188 5437 297 5529; x_wconf 87' lang='lat' dir='ltr'><strong>picis,</strong></span> <span class='ocrx_word' id='word_1_636' title='bbox 324 5436 441 5530; x_wconf 89' lang='lat' dir='ltr'><strong>quiin</strong></span> <span class='ocrx_word' id='word_1_637' title='bbox 457 5435 626 5526; x_wconf 80' lang='lat' dir='ltr'><strong>Angliam</strong></span> <span class='ocrx_word' id='word_1_638' title='bbox 643 5450 679 5508; x_wconf 89' lang='lat' dir='ltr'><strong>et</strong></span> <span class='ocrx_word' id='word_1_639' title='bbox 692 5435 763 5507; x_wconf 85' lang='lat' dir='ltr'><strong>alia</strong></span> <span class='ocrx_word' id='word_1_640' title='bbox 775 5438 854 5511; x_wconf 85' lang='lat' dir='ltr'><strong>loca</strong></span> <span class='ocrx_word' id='word_1_641' title='bbox 873 5434 1016 5511; x_wconf 83' lang='lat' dir='ltr'><strong>vehunt.</strong></span> <span class='ocrx_word' id='word_1_642' title='bbox 1043 5496 1047 5501; x_wconf 90' lang='lat'><strong>.</strong></span> <span class='ocrx_word' id='word_1_643' title='bbox 1113 5440 1120 5523; x_wconf 81' lang='lat' dir='ltr'><strong>l</strong></span> <span class='ocrx_word' id='word_1_644' title='bbox 1146 5490 1150 5495; x_wconf 94' lang='lat'>-</span> <span class='ocrx_word' id='word_1_645' title='bbox 1182 5468 1231 5527; x_wconf 77' lang='grc' dir='ltr'><strong>ει)</strong></span> <span class='ocrx_word' id='word_1_646' title='bbox 1248 5468 1326 5520; x_wconf 76' lang='lat' dir='ltr'><strong>aon.</strong></span> <span class='ocrx_word' id='word_1_647' title='bbox 1345 5465 1488 5531; x_wconf 67' lang='lat' dir='ltr'><strong>oaxm,</strong></span> <span class='ocrx_word' id='word_1_648' title='bbox 1506 5464 1562 5521; x_wconf 72' lang='grc' dir='ltr'><strong>ιιι</strong></span> <span class='ocrx_word' id='word_1_649' title='bbox 1578 5480 1638 5530; x_wconf 61' lang='lat' dir='ltr'><strong>m,</strong></span> 
     </span>
    </p>
   </div>
   <div class='ocr_carea' id='block_1_18' title="bbox 0 0 2386 6004">
    <p class='ocr_par' dir='ltr' id='par_1_38' title="bbox 0 0 2386 6004">
     <span class='ocr_line' id='line_1_103' title="bbox 0 0 2386 6004; baseline 0 0"><span class='ocrx_word' id='word_1_650' title='bbox 0 0 2386 6004; x_wconf 95' lang='lat' dir='ltr'><strong> </strong></span> 
     </span>
    </p>
   </div>
  </div>
 </body>
</html>
