<?xml version="1.0" encoding="UTF-8"?>
<!DOCTYPE html PUBLIC "-//W3C//DTD XHTML 1.0 Transitional//EN"
    "http://www.w3.org/TR/xhtml1/DTD/xhtml1-transitional.dtd">
<html xmlns="http://www.w3.org/1999/xhtml" xml:lang="en" lang="en">
 <head>
  <title>
</title>
<meta http-equiv="Content-Type" content="text/html;charset=utf-8" />
  <meta name='ocr-system' content='tesseract 3.04.00' />
  <meta name='ocr-capabilities' content='ocr_page ocr_carea ocr_par ocr_line ocrx_word'/>
</head>
<body>
  <div class='ocr_page' id='page_1' title='image "./philippimelanth03melagoog_0120.png"; bbox 0 0 4762 6008; ppageno 0'>
   <div class='ocr_carea' id='block_1_1' title="bbox 199 1117 2224 1410">
    <p class='ocr_par' dir='ltr' id='par_1_1' title="bbox 199 1117 2224 1410">
     <span class='ocr_line' id='line_1_1' title="bbox 199 1117 2224 1275; baseline -0.009 -1"><span class='ocrx_word' id='word_1_1' title='bbox 199 1187 423 1275; x_wconf 82' lang='lat' dir='ltr'><strong>uxxxu</strong></span> <span class='ocrx_word' id='word_1_2' title='bbox 499 1171 1636 1272; x_wconf 79' lang='lat' dir='ltr'><strong>nurn.uun.1uuunnnnnauro</strong></span> <span class='ocrx_word' id='word_1_3' title='bbox 1688 1117 2166 1260; x_wconf 79' lang='lat' dir='ltr'><strong>runurnnurr</strong></span> <span class='ocrx_word' id='word_1_4' title='bbox 2221 1183 2224 1190; x_wconf 15' lang='grc' dir='ltr'>Α</span> 
     </span>
     <span class='ocr_line' id='line_1_2' title="bbox 1012 1321 1361 1410; baseline -0.006 0"><span class='ocrx_word' id='word_1_5' title='bbox 1012 1321 1361 1410; x_wconf 70' lang='lat' dir='ltr'><strong>uruntur.</strong></span> 
     </span>
    </p>
   </div>
   <div class='ocr_carea' id='block_1_2' title="bbox 163 1588 2194 2066">
    <p class='ocr_par' dir='ltr' id='par_1_2' title="bbox 163 1588 2194 2066">
     <span class='ocr_line' id='line_1_3' title="bbox 167 1588 2192 1715; baseline -0.005 -17"><span class='ocrx_word' id='word_1_6' title='bbox 167 1588 278 1698; x_wconf 77' lang='lat' dir='ltr'><strong>flacc</strong></span> <span class='ocrx_word' id='word_1_7' title='bbox 299 1634 503 1715; x_wconf 75' lang='lat' dir='ltr'>interpretatio</span> <span class='ocrx_word' id='word_1_8' title='bbox 524 1634 616 1694; x_wconf 83' lang='lat' dir='ltr'><strong>latins</strong></span> <span class='ocrx_word' id='word_1_9' title='bbox 635 1630 835 1692; x_wconf 72' lang='lat' dir='ltr'><strong>Helsntbonis</strong></span> <span class='ocrx_word' id='word_1_10' title='bbox 855 1631 887 1688; x_wconf 92' lang='lat' dir='ltr'><strong>in</strong></span> <span class='ocrx_word' id='word_1_11' title='bbox 908 1627 1021 1688; x_wconf 84' lang='lat' dir='ltr'><strong>duabus</strong></span> <span class='ocrx_word' id='word_1_12' title='bbox 1042 1624 1102 1683; x_wconf 87' lang='lat' dir='ltr'><strong>illis</strong></span> <span class='ocrx_word' id='word_1_13' title='bbox 1113 1621 1206 1683; x_wconf 78' lang='lat' dir='ltr'><strong>liditt.</strong></span> <span class='ocrx_word' id='word_1_14' title='bbox 1221 1616 1334 1699; x_wconf 59' lang='grc' dir='ltr'><strong>Μ,</strong></span> <span class='ocrx_word' id='word_1_15' title='bbox 1359 1619 1454 1687; x_wconf 70' lang='grc'><strong>1668.</strong></span> <span class='ocrx_word' id='word_1_16' title='bbox 1478 1642 1568 1702; x_wconf 84' lang='lat' dir='ltr'><strong>suprn</strong></span> <span class='ocrx_word' id='word_1_17' title='bbox 1588 1619 1693 1704; x_wconf 65' lang='lat' dir='ltr'><strong>pte?</strong></span> <span class='ocrx_word' id='word_1_18' title='bbox 1706 1644 1753 1703; x_wconf 82' lang='lat' dir='ltr'><strong>sq.</strong></span> <span class='ocrx_word' id='word_1_19' title='bbox 1771 1620 1925 1703; x_wconf 81' lang='lat' dir='ltr'><strong>descriptis</strong></span> <span class='ocrx_word' id='word_1_20' title='bbox 1937 1624 2102 1703; x_wconf 80' lang='lat' dir='ltr'><strong>invenitur,</strong></span> <span class='ocrx_word' id='word_1_21' title='bbox 2125 1626 2192 1707; x_wconf 87' lang='lat' dir='ltr'><strong>qui·</strong></span> 
     </span>
     <span class='ocr_line' id='line_1_4' title="bbox 166 1704 2193 1792; baseline -0.004 -9"><span class='ocrx_word' id='word_1_22' title='bbox 166 1726 287 1784; x_wconf 85' lang='lat' dir='ltr'><strong>buseurn</strong></span> <span class='ocrx_word' id='word_1_23' title='bbox 307 1722 429 1780; x_wconf 75' lang='lat' dir='ltr'><strong>Pindari</strong></span> <span class='ocrx_word' id='word_1_24' title='bbox 448 1720 542 1780; x_wconf 79' lang='lat' dir='ltr'><strong>liditt.</strong></span> <span class='ocrx_word' id='word_1_25' title='bbox 561 1716 700 1778; x_wconf 74' lang='lat' dir='ltr'><strong>Francos.</strong></span> <span class='ocrx_word' id='word_1_26' title='bbox 723 1712 836 1792; x_wconf 73' lang='lat'><strong>15⁴2,</strong></span> <span class='ocrx_word' id='word_1_27' title='bbox 857 1715 947 1775; x_wconf 77' lang='lat' dir='ltr'><strong>Brut.</strong></span> <span class='ocrx_word' id='word_1_28' title='bbox 969 1707 1083 1785; x_wconf 57' lang='lat' dir='ltr'><strong>iffi,</strong></span> <span class='ocrx_word' id='word_1_29' title='bbox 1102 1706 1144 1770; x_wconf 82' lang='lat' dir='ltr'><strong>fl.</strong></span> <span class='ocrx_word' id='word_1_30' title='bbox 1165 1704 1308 1786; x_wconf 73' lang='lat' dir='ltr'><strong>Stephani</strong></span> <span class='ocrx_word' id='word_1_31' title='bbox 1331 1704 1425 1770; x_wconf 69' lang='lat' dir='ltr'><strong>ibid.</strong></span> <span class='ocrx_word' id='word_1_32' title='bbox 1448 1706 1531 1785; x_wconf 82' lang='lat' dir='ltr'><strong>(side</strong></span> <span class='ocrx_word' id='word_1_33' title='bbox 1551 1727 1642 1788; x_wconf 84' lang='lat' dir='ltr'><strong>supra</strong></span> <span class='ocrx_word' id='word_1_34' title='bbox 1663 1728 1695 1789; x_wconf 91' lang='lat' dir='ltr'><strong>p.</strong></span> <span class='ocrx_word' id='word_1_35' title='bbox 1710 1707 1782 1773; x_wconf 76' lang='grc'><strong>198.</strong></span> <span class='ocrx_word' id='word_1_36' title='bbox 1802 1720 1900 1768; x_wconf 71' lang='lat' dir='ltr'><strong>nolam</strong></span> <span class='ocrx_word' id='word_1_37' title='bbox 1916 1707 1982 1790; x_wconf 71' lang='lat'><strong>50),</strong></span> <span class='ocrx_word' id='word_1_38' title='bbox 2002 1710 2141 1771; x_wconf 75' lang='lat' dir='ltr'><strong>Boeekhil</strong></span> <span class='ocrx_word' id='word_1_39' title='bbox 2160 1718 2193 1773; x_wconf 74' lang='lat' dir='ltr'><strong>ei</strong></span> 
     </span>
     <span class='ocr_line' id='line_1_5' title="bbox 163 1787 2194 1886; baseline -0.003 -21"><span class='ocrx_word' id='word_1_40' title='bbox 163 1808 303 1886; x_wconf 74' lang='lat' dir='ltr'><strong>Borgkii,</strong></span> <span class='ocrx_word' id='word_1_41' title='bbox 323 1818 414 1885; x_wconf 84' lang='lat' dir='ltr'><strong>etque</strong></span> <span class='ocrx_word' id='word_1_42' title='bbox 434 1805 695 1884; x_wconf 85' lang='lat' dir='ltr'><strong>interpretationes</strong></span> <span class='ocrx_word' id='word_1_43' title='bbox 717 1804 755 1862; x_wconf 78' lang='lat' dir='ltr'><strong>tt.</strong></span> <span class='ocrx_word' id='word_1_44' title='bbox 777 1801 939 1879; x_wconf 80' lang='lat' dir='ltr'><strong>Stephani,</strong></span> <span class='ocrx_word' id='word_1_45' title='bbox 960 1797 1071 1875; x_wconf 85' lang='lat' dir='ltr'><strong>ldeynii</strong></span> <span class='ocrx_word' id='word_1_46' title='bbox 1090 1802 1123 1853; x_wconf 87' lang='lat' dir='ltr'><strong>ot</strong></span> <span class='ocrx_word' id='word_1_47' title='bbox 1141 1787 1285 1851; x_wconf 82' lang='lat' dir='ltr'><strong>Boeekhii</strong></span> <span class='ocrx_word' id='word_1_48' title='bbox 1307 1795 1481 1871; x_wconf 78' lang='lat' dir='ltr'><strong>quibusdem</strong></span> <span class='ocrx_word' id='word_1_49' title='bbox 1501 1795 1625 1854; x_wconf 74' lang='lat' dir='ltr'><strong>inlotis</strong></span> <span class='ocrx_word' id='word_1_50' title='bbox 1647 1797 1769 1857; x_wconf 87' lang='lat' dir='ltr'><strong>contuli.</strong></span> <span class='ocrx_word' id='word_1_51' title='bbox 1811 1794 2021 1875; x_wconf 76' lang='lat' dir='ltr'><strong>stropharum,</strong></span> <span class='ocrx_word' id='word_1_52' title='bbox 2047 1798 2194 1859; x_wconf 61' lang='lat' dir='ltr'><strong>murno</strong></span> 
     </span>
     <span class='ocr_line' id='line_1_6' title="bbox 166 1877 2194 1971; baseline -0.004 -19"><span class='ocrx_word' id='word_1_53' title='bbox 166 1893 291 1971; x_wconf 84' lang='lat' dir='ltr'><strong>pharum</strong></span> <span class='ocrx_word' id='word_1_54' title='bbox 312 1903 344 1952; x_wconf 89' lang='lat' dir='ltr'><strong>et</strong></span> <span class='ocrx_word' id='word_1_55' title='bbox 361 1891 486 1970; x_wconf 80' lang='lat' dir='ltr'><strong>lipodon</strong></span> <span class='ocrx_word' id='word_1_56' title='bbox 507 1906 663 1965; x_wconf 77' lang='lat' dir='ltr'><strong>numeros,</strong></span> <span class='ocrx_word' id='word_1_57' title='bbox 698 1889 804 1968; x_wconf 79' lang='lat' dir='ltr'><strong>quibus</strong></span> <span class='ocrx_word' id='word_1_58' title='bbox 831 1887 903 1946; x_wconf 85' lang='lat' dir='ltr'><strong>illae</strong></span> <span class='ocrx_word' id='word_1_59' title='bbox 930 1885 1007 1944; x_wconf 83' lang='lat' dir='ltr'><strong>duae</strong></span> <span class='ocrx_word' id='word_1_60' title='bbox 1027 1880 1121 1942; x_wconf 81' lang='lat' dir='ltr'><strong>Editt.</strong></span> <span class='ocrx_word' id='word_1_61' title='bbox 1143 1877 1395 1955; x_wconf 81' lang='lat' dir='ltr'><strong>interpretationis</strong></span> <span class='ocrx_word' id='word_1_62' title='bbox 1416 1879 1489 1941; x_wconf 75' lang='lat' dir='ltr'><strong>etet.</strong></span> <span class='ocrx_word' id='word_1_63' title='bbox 1511 1892 1631 1957; x_wconf 86' lang='lat' dir='ltr'><strong>carent,</strong></span> <span class='ocrx_word' id='word_1_64' title='bbox 1651 1897 1691 1941; x_wconf 79' lang='lat' dir='ltr'><strong>ex</strong></span> <span class='ocrx_word' id='word_1_65' title='bbox 1713 1882 1958 1960; x_wconf 77' lang='lat' dir='ltr'><strong>interpretatione</strong></span> <span class='ocrx_word' id='word_1_66' title='bbox 1977 1880 2118 1943; x_wconf 79' lang='lat' dir='ltr'><strong>Boeckbii</strong></span> <span class='ocrx_word' id='word_1_67' title='bbox 2138 1881 2194 1943; x_wconf 85' lang='lat' dir='ltr'><strong>sd·</strong></span> 
     </span>
     <span class='ocr_line' id='line_1_7' title="bbox 166 1996 366 2066; baseline 0.02 -31"><span class='ocrx_word' id='word_1_68' title='bbox 166 1996 279 2058; x_wconf 86' lang='lat' dir='ltr'><strong>scrrpn.</strong></span> <span class='ocrx_word' id='word_1_69' title='bbox 359 2058 366 2066; x_wconf 16' lang='grc' dir='ltr'>ἡ</span> 
     </span>
    </p>
   </div>
   <div class='ocr_carea' id='block_1_3' title="bbox 1042 2190 1312 2210">
    <p class='ocr_par' dir='ltr' id='par_1_3' title="bbox 1042 2190 1312 2210">
     <span class='ocr_line' id='line_1_8' title="bbox 1042 2190 1312 2210; baseline -0.007 -1"><span class='ocrx_word' id='word_1_70' title='bbox 1042 2190 1312 2210; x_wconf 61' lang='lat'><strong>0-</strong></span> 
     </span>
    </p>
   </div>
   <div class='ocr_carea' id='block_1_4' title="bbox 713 2383 1643 2585">
    <p class='ocr_par' dir='ltr' id='par_1_4' title="bbox 713 2383 1643 2585">
     <span class='ocr_line' id='line_1_9' title="bbox 879 2383 1491 2463; baseline -0.003 -3"><span class='ocrx_word' id='word_1_71' title='bbox 879 2386 1181 2463; x_wconf 80' lang='lat' dir='ltr'><strong>PINDARI</strong></span> <span class='ocrx_word' id='word_1_72' title='bbox 1222 2383 1491 2461; x_wconf 80' lang='grc' dir='ltr'><strong>ΡΥΤΗΙΑ</strong></span> 
     </span>
     <span class='ocr_line' id='line_1_10' title="bbox 713 2517 1643 2585; baseline 0.001 -3"><span class='ocrx_word' id='word_1_73' title='bbox 713 2519 941 2582; x_wconf 74' lang='lat' dir='ltr'><strong>autumno</strong></span> <span class='ocrx_word' id='word_1_74' title='bbox 961 2518 1297 2585; x_wconf 80' lang='lat' dir='ltr'><strong>unuaurnoun</strong></span> <span class='ocrx_word' id='word_1_75' title='bbox 1318 2517 1643 2583; x_wconf 77' lang='lat' dir='ltr'><strong>turnneenuu</strong></span> 
     </span>
    </p>
   </div>
   <div class='ocr_carea' id='block_1_5' title="bbox 166 2701 2285 4742">
    <p class='ocr_par' dir='ltr' id='par_1_5' title="bbox 166 2701 2285 4742">
     <span class='ocr_line' id='line_1_11' title="bbox 593 2701 2194 2798; baseline 0.001 -24"><span class='ocrx_word' id='word_1_76' title='bbox 593 2704 735 2793; x_wconf 71' lang='lat' dir='ltr'><strong>odel,</strong></span> <span class='ocrx_word' id='word_1_77' title='bbox 1207 2718 1329 2798; x_wconf 86' lang='lat' dir='ltr'><strong>pectus</strong></span> <span class='ocrx_word' id='word_1_78' title='bbox 1350 2701 1527 2796; x_wconf 84' lang='lat' dir='ltr'><strong>premitur</strong></span> <span class='ocrx_word' id='word_1_79' title='bbox 1550 2728 1571 2773; x_wconf 91' lang='lat' dir='ltr'><strong>a</strong></span> <span class='ocrx_word' id='word_1_80' title='bbox 1593 2704 1775 2775; x_wconf 74' lang='lat' dir='ltr'><strong>littoribus</strong></span> <span class='ocrx_word' id='word_1_81' title='bbox 1791 2701 1926 2775; x_wconf 84' lang='lat' dir='ltr'><strong>Cumae</strong></span> <span class='ocrx_word' id='word_1_82' title='bbox 1943 2717 1980 2775; x_wconf 87' lang='lat' dir='ltr'><strong>et</strong></span> <span class='ocrx_word' id='word_1_83' title='bbox 1993 2703 2132 2791; x_wconf 83' lang='lat' dir='ltr'><strong>Sicilie,</strong></span> <span class='ocrx_word' id='word_1_84' title='bbox 2158 2716 2194 2776; x_wconf 83' lang='lat' dir='ltr'><strong>et</strong></span> 
     </span>
     <span class='ocr_line' id='line_1_12' title="bbox 1208 2804 2194 2891; baseline 0.002 -14"><span class='ocrx_word' id='word_1_85' title='bbox 1208 2804 1352 2879; x_wconf 83' lang='lat' dir='ltr'><strong>cohibet</strong></span> <span class='ocrx_word' id='word_1_86' title='bbox 1367 2828 1447 2876; x_wconf 90' lang='lat' dir='ltr'><strong>eum</strong></span> <span class='ocrx_word' id='word_1_87' title='bbox 1463 2806 1589 2877; x_wconf 85' lang='lat' dir='ltr'><strong>nivosa</strong></span> <span class='ocrx_word' id='word_1_88' title='bbox 1600 2804 1730 2889; x_wconf 86' lang='lat' dir='ltr'><strong>Aetna,</strong></span> <span class='ocrx_word' id='word_1_89' title='bbox 1745 2805 1903 2875; x_wconf 84' lang='lat' dir='ltr'><strong>coelestis</strong></span> <span class='ocrx_word' id='word_1_90' title='bbox 1918 2807 2098 2891; x_wconf 92' lang='lat' dir='ltr'><strong>columna,</strong></span> <span class='ocrx_word' id='word_1_91' title='bbox 2116 2819 2194 2879; x_wconf 89' lang='lat' dir='ltr'><strong>toto</strong></span> 
     </span>
     <span class='ocr_line' id='line_1_13' title="bbox 1208 2903 2195 3004; baseline 0.002 -25"><span class='ocrx_word' id='word_1_92' title='bbox 1208 2932 1304 2979; x_wconf 88' lang='lat' dir='ltr'><strong>anno</strong></span> <span class='ocrx_word' id='word_1_93' title='bbox 1327 2909 1482 3000; x_wconf 73' lang='lat' dir='ltr'><strong>gelidam</strong></span> <span class='ocrx_word' id='word_1_94' title='bbox 1504 2908 1626 2979; x_wconf 87' lang='lat' dir='ltr'><strong>nivern</strong></span> <span class='ocrx_word' id='word_1_95' title='bbox 1646 2909 1790 2978; x_wconf 83' lang='lat' dir='ltr'><strong>fovens:</strong></span> <span class='ocrx_word' id='word_1_96' title='bbox 1832 2903 1925 2999; x_wconf 76' lang='lat' dir='ltr'><strong>(ser.</strong></span> <span class='ocrx_word' id='word_1_97' title='bbox 1947 2907 2002 3004; x_wconf 82' lang='lat'><strong>2.)</strong></span> <span class='ocrx_word' id='word_1_98' title='bbox 2026 2910 2125 2981; x_wconf 89' lang='lat' dir='ltr'><strong>cuius</strong></span> <span class='ocrx_word' id='word_1_99' title='bbox 2151 2933 2195 2981; x_wconf 80' lang='lat' dir='ltr'><strong>ex</strong></span> 
     </span>
     <span class='ocr_line' id='line_1_14' title="bbox 239 3003 2196 3104; baseline -0.002 -21"><span class='ocrx_word' id='word_1_100' title='bbox 239 3007 360 3103; x_wconf 82' lang='lat' dir='ltr'><strong>.(sn.</strong></span> <span class='ocrx_word' id='word_1_101' title='bbox 377 3010 428 3101; x_wconf 85' lang='lat'><strong>1.)</strong></span> <span class='ocrx_word' id='word_1_102' title='bbox 455 3005 613 3079; x_wconf 87' lang='lat' dir='ltr'><strong>Oaurea</strong></span> <span class='ocrx_word' id='word_1_103' title='bbox 633 3004 793 3093; x_wconf 87' lang='lat' dir='ltr'><strong>eithara,</strong></span> <span class='ocrx_word' id='word_1_104' title='bbox 817 3008 997 3100; x_wconf 79' lang='lat' dir='ltr'><strong>Apollinis</strong></span> <span class='ocrx_word' id='word_1_105' title='bbox 1021 3020 1057 3078; x_wconf 87' lang='lat' dir='ltr'><strong>et</strong></span> <span class='ocrx_word' id='word_1_106' title='bbox 1074 3005 1156 3077; x_wconf 87' lang='lat' dir='ltr'><strong>Mn·</strong></span> <span class='ocrx_word' id='word_1_107' title='bbox 1207 3013 1320 3083; x_wconf 81' lang='lat' dir='ltr'><strong>fundo</strong></span> <span class='ocrx_word' id='word_1_108' title='bbox 1343 3023 1508 3081; x_wconf 87' lang='lat' dir='ltr'><strong>eructant</strong></span> <span class='ocrx_word' id='word_1_109' title='bbox 1528 3003 1739 3104; x_wconf 84' lang='lat' dir='ltr'><strong>purissimae</strong></span> <span class='ocrx_word' id='word_1_110' title='bbox 1766 3009 1999 3100; x_wconf 83' lang='lat' dir='ltr'><strong>scaturigines</strong></span> <span class='ocrx_word' id='word_1_111' title='bbox 2028 3010 2196 3083; x_wconf 81' lang='lat' dir='ltr'><strong>inaccessi</strong></span> 
     </span>
     <span class='ocr_line' id='line_1_15' title="bbox 166 3106 2196 3206; baseline 0.001 -24"><span class='ocrx_word' id='word_1_112' title='bbox 166 3133 288 3182; x_wconf 86' lang='lat' dir='ltr'><strong>sarum</strong></span> <span class='ocrx_word' id='word_1_113' title='bbox 305 3133 464 3182; x_wconf 84' lang='lat' dir='ltr'><strong>consono</strong></span> <span class='ocrx_word' id='word_1_114' title='bbox 482 3112 679 3202; x_wconf 74' lang='lat' dir='ltr'><strong>possessio,</strong></span> <span class='ocrx_word' id='word_1_115' title='bbox 711 3136 820 3206; x_wconf 90' lang='lat' dir='ltr'><strong>quam</strong></span> <span class='ocrx_word' id='word_1_116' title='bbox 844 3111 946 3183; x_wconf 89' lang='lat' dir='ltr'><strong>audit</strong></span> <span class='ocrx_word' id='word_1_117' title='bbox 966 3106 1157 3204; x_wconf 83' lang='lat' dir='ltr'><strong>rhythmus</strong></span> <span class='ocrx_word' id='word_1_118' title='bbox 1208 3114 1319 3205; x_wconf 75' lang='lat' dir='ltr'><strong>ignis,</strong></span> <span class='ocrx_word' id='word_1_119' title='bbox 1346 3114 1445 3185; x_wconf 89' lang='lat' dir='ltr'><strong>cuius</strong></span> <span class='ocrx_word' id='word_1_120' title='bbox 1460 3113 1608 3184; x_wconf 86' lang='lat' dir='ltr'><strong>flumina</strong></span> <span class='ocrx_word' id='word_1_121' title='bbox 1626 3110 1784 3184; x_wconf 85' lang='lat' dir='ltr'><strong>interdiu</strong></span> <span class='ocrx_word' id='word_1_122' title='bbox 1794 3111 1950 3183; x_wconf 81' lang='lat' dir='ltr'><strong>fundunt</strong></span> <span class='ocrx_word' id='word_1_123' title='bbox 1962 3113 2100 3185; x_wconf 82' lang='lat' dir='ltr'><strong>fuscum</strong></span> <span class='ocrx_word' id='word_1_124' title='bbox 2119 3126 2196 3185; x_wconf 84' lang='lat' dir='ltr'><strong>tur·</strong></span> 
     </span>
     <span class='ocr_line' id='line_1_16' title="bbox 166 3208 2195 3308; baseline 0.002 -26"><span class='ocrx_word' id='word_1_125' title='bbox 166 3212 205 3282; x_wconf 90' lang='lat' dir='ltr'><strong>iu</strong></span> <span class='ocrx_word' id='word_1_126' title='bbox 222 3208 373 3298; x_wconf 89' lang='lat' dir='ltr'><strong>chorea,</strong></span> <span class='ocrx_word' id='word_1_127' title='bbox 401 3214 464 3308; x_wconf 90' lang='lat' dir='ltr'><strong>qui</strong></span> <span class='ocrx_word' id='word_1_128' title='bbox 486 3227 540 3286; x_wconf 86' lang='lat' dir='ltr'><strong>est</strong></span> <span class='ocrx_word' id='word_1_129' title='bbox 564 3213 781 3307; x_wconf 88' lang='lat' dir='ltr'><strong>principium</strong></span> <span class='ocrx_word' id='word_1_130' title='bbox 802 3214 972 3300; x_wconf 86' lang='lat' dir='ltr'><strong>laetitiae.</strong></span> <span class='ocrx_word' id='word_1_131' title='bbox 1024 3212 1157 3284; x_wconf 83' lang='lat' dir='ltr'><strong>Canto·</strong></span> <span class='ocrx_word' id='word_1_132' title='bbox 1208 3218 1330 3287; x_wconf 90' lang='lat' dir='ltr'><strong>binem</strong></span> <span class='ocrx_word' id='word_1_133' title='bbox 1353 3216 1456 3286; x_wconf 81' lang='lat' dir='ltr'><strong>lurni.</strong></span> <span class='ocrx_word' id='word_1_134' title='bbox 1515 3215 1564 3286; x_wconf 89' lang='lat' dir='ltr'><strong>At</strong></span> <span class='ocrx_word' id='word_1_135' title='bbox 1586 3229 1695 3286; x_wconf 89' lang='lat' dir='ltr'><strong>noctu</strong></span> <span class='ocrx_word' id='word_1_136' title='bbox 1721 3213 1827 3285; x_wconf 90' lang='lat' dir='ltr'><strong>rutila</strong></span> <span class='ocrx_word' id='word_1_137' title='bbox 1852 3212 1995 3285; x_wconf 83' lang='lat' dir='ltr'><strong>flamma</strong></span> <span class='ocrx_word' id='word_1_138' title='bbox 2021 3216 2195 3301; x_wconf 80' lang='lat' dir='ltr'><strong>volutato,</strong></span> 
     </span>
     <span class='ocr_line' id='line_1_17' title="bbox 167 3316 2194 3413; baseline 0.002 -29"><span class='ocrx_word' id='word_1_139' title='bbox 167 3339 225 3386; x_wconf 88' lang='lat' dir='ltr'><strong>res</strong></span> <span class='ocrx_word' id='word_1_140' title='bbox 240 3330 359 3387; x_wconf 87' lang='lat' dir='ltr'><strong>autem</strong></span> <span class='ocrx_word' id='word_1_141' title='bbox 376 3319 627 3409; x_wconf 89' lang='lat' dir='ltr'><strong>obtemperant</strong></span> <span class='ocrx_word' id='word_1_142' title='bbox 649 3319 720 3390; x_wconf 87' lang='lat' dir='ltr'><strong>tuis</strong></span> <span class='ocrx_word' id='word_1_143' title='bbox 741 3317 871 3409; x_wconf 81' lang='lat' dir='ltr'><strong>signis,</strong></span> <span class='ocrx_word' id='word_1_144' title='bbox 905 3320 1051 3413; x_wconf 87' lang='lat' dir='ltr'><strong>quando</strong></span> <span class='ocrx_word' id='word_1_145' title='bbox 1077 3340 1157 3408; x_wconf 92' lang='lat' dir='ltr'><strong>per·</strong></span> <span class='ocrx_word' id='word_1_146' title='bbox 1207 3323 1322 3392; x_wconf 81' lang='lat' dir='ltr'><strong>lectur</strong></span> <span class='ocrx_word' id='word_1_147' title='bbox 1343 3320 1415 3389; x_wconf 85' lang='lat' dir='ltr'><strong>lata</strong></span> <span class='ocrx_word' id='word_1_148' title='bbox 1441 3319 1478 3389; x_wconf 91' lang='lat' dir='ltr'><strong>in</strong></span> <span class='ocrx_word' id='word_1_149' title='bbox 1501 3319 1717 3411; x_wconf 79' lang='lat' dir='ltr'><strong>profundam</strong></span> <span class='ocrx_word' id='word_1_150' title='bbox 1739 3316 1925 3407; x_wconf 80' lang='lat' dir='ltr'><strong>planitiem</strong></span> <span class='ocrx_word' id='word_1_151' title='bbox 1948 3318 2075 3402; x_wconf 84' lang='lat' dir='ltr'><strong>meris,</strong></span> <span class='ocrx_word' id='word_1_152' title='bbox 2114 3343 2194 3390; x_wconf 88' lang='lat' dir='ltr'><strong>cum</strong></span> 
     </span>
     <span class='ocr_line' id='line_1_18' title="bbox 168 3412 2259 3514; baseline 0 -26"><span class='ocrx_word' id='word_1_153' title='bbox 168 3442 266 3490; x_wconf 88' lang='lat' dir='ltr'><strong>cussa</strong></span> <span class='ocrx_word' id='word_1_154' title='bbox 292 3418 422 3510; x_wconf 62' lang='lat' dir='ltr'><strong>facist)</strong></span> <span class='ocrx_word' id='word_1_155' title='bbox 453 3421 556 3491; x_wconf 91' lang='lat' dir='ltr'><strong>initia</strong></span> <span class='ocrx_word' id='word_1_156' title='bbox 586 3421 878 3513; x_wconf 86' lang='lat' dir='ltr'><strong>prooemiorum,</strong></span> <span class='ocrx_word' id='word_1_157' title='bbox 917 3433 954 3491; x_wconf 86' lang='lat' dir='ltr'><strong>et</strong></span> <span class='ocrx_word' id='word_1_158' title='bbox 981 3419 1157 3511; x_wconf 76' lang='lat' dir='ltr'><strong>extinguis</strong></span> <span class='ocrx_word' id='word_1_159' title='bbox 1208 3423 1372 3514; x_wconf 85' lang='lat' dir='ltr'><strong>strepitu.</strong></span> <span class='ocrx_word' id='word_1_160' title='bbox 1423 3418 1486 3493; x_wconf 83' lang='lat' dir='ltr'><strong>illa</strong></span> <span class='ocrx_word' id='word_1_161' title='bbox 1508 3412 1627 3493; x_wconf 87' lang='lat' dir='ltr'><strong>bellun</strong></span> <span class='ocrx_word' id='word_1_162' title='bbox 1644 3444 1729 3492; x_wconf 88' lang='lat' dir='ltr'><strong>vero</strong></span> <span class='ocrx_word' id='word_1_163' title='bbox 1752 3418 1848 3489; x_wconf 87' lang='lat' dir='ltr'><strong>eiicit</strong></span> <span class='ocrx_word' id='word_1_164' title='bbox 1869 3423 2023 3510; x_wconf 76' lang='lat' dir='ltr'><strong>grandes</strong></span> <span class='ocrx_word' id='word_1_165' title='bbox 2043 3420 2194 3491; x_wconf 87' lang='lat' dir='ltr'><strong>nubium</strong></span> <span class='ocrx_word' id='word_1_166' title='bbox 2255 3468 2259 3473; x_wconf 92' lang='lat'><em>-</em></span> 
     </span>
     <span class='ocr_line' id='line_1_19' title="bbox 166 3517 2285 3618; baseline 0 -28"><span class='ocrx_word' id='word_1_167' title='bbox 166 3522 330 3605; x_wconf 81' lang='lat' dir='ltr'><strong>fulmina,</strong></span> <span class='ocrx_word' id='word_1_168' title='bbox 357 3535 393 3594; x_wconf 86' lang='lat' dir='ltr'><strong>et</strong></span> <span class='ocrx_word' id='word_1_169' title='bbox 410 3524 594 3595; x_wconf 84' lang='lat' dir='ltr'><strong>obdormit</strong></span> <span class='ocrx_word' id='word_1_170' title='bbox 605 3524 739 3618; x_wconf 85' lang='lat' dir='ltr'><strong>aquila,</strong></span> <span class='ocrx_word' id='word_1_171' title='bbox 759 3549 823 3595; x_wconf 80' lang='lat' dir='ltr'><strong>rex</strong></span> <span class='ocrx_word' id='word_1_172' title='bbox 836 3523 972 3607; x_wconf 88' lang='lat' dir='ltr'><strong>avium,</strong></span> <span class='ocrx_word' id='word_1_173' title='bbox 996 3520 1158 3595; x_wconf 82' lang='lat' dir='ltr'><strong>demissis</strong></span> <span class='ocrx_word' id='word_1_174' title='bbox 1210 3537 1406 3606; x_wconf 84' lang='lat' dir='ltr'><strong>torrentes,</strong></span> <span class='ocrx_word' id='word_1_175' title='bbox 1447 3523 1508 3616; x_wconf 87' lang='lat' dir='ltr'><strong>qui</strong></span> <span class='ocrx_word' id='word_1_176' title='bbox 1530 3537 1615 3595; x_wconf 83' lang='lat' dir='ltr'><strong>sunt</strong></span> <span class='ocrx_word' id='word_1_177' title='bbox 1636 3522 1809 3593; x_wconf 85' lang='lat' dir='ltr'><strong>miraculo</strong></span> <span class='ocrx_word' id='word_1_178' title='bbox 1833 3524 2098 3605; x_wconf 80' lang='lat' dir='ltr'><strong>accedentibus,</strong></span> <span class='ocrx_word' id='word_1_179' title='bbox 2131 3521 2195 3615; x_wconf 88' lang='lat' dir='ltr'><strong>qni</strong></span> <span class='ocrx_word' id='word_1_180' title='bbox 2279 3517 2285 3529; x_wconf 81' lang='lat'>&#39;</span> 
     </span>
     <span class='ocr_line' id='line_1_20' title="bbox 167 3622 2193 3723; baseline 0 -30"><span class='ocrx_word' id='word_1_181' title='bbox 167 3625 254 3707; x_wconf 84' lang='lat' dir='ltr'><strong>alis,</strong></span> <span class='ocrx_word' id='word_1_182' title='bbox 295 3625 398 3719; x_wconf 75' lang='lat' dir='ltr'><strong>(Ani.</strong></span> <span class='ocrx_word' id='word_1_183' title='bbox 423 3626 475 3723; x_wconf 83' lang='lat'><strong>1.)</strong></span> <span class='ocrx_word' id='word_1_184' title='bbox 506 3651 587 3697; x_wconf 82' lang='lat' dir='ltr'><strong>ctum</strong></span> <span class='ocrx_word' id='word_1_185' title='bbox 612 3652 722 3698; x_wconf 88' lang='lat' dir='ltr'><strong>curve</strong></span> <span class='ocrx_word' id='word_1_186' title='bbox 746 3628 861 3716; x_wconf 84' lang='lat' dir='ltr'><strong>capite</strong></span> <span class='ocrx_word' id='word_1_187' title='bbox 886 3623 1097 3718; x_wconf 56' lang='lat' dir='ltr'><strong>nebulam)</strong></span> <span class='ocrx_word' id='word_1_188' title='bbox 1122 3634 1159 3691; x_wconf 88' lang='lat' dir='ltr'><strong>et</strong></span> <span class='ocrx_word' id='word_1_189' title='bbox 1210 3627 1334 3694; x_wconf 84' lang='lat' dir='ltr'><strong>vident</strong></span> <span class='ocrx_word' id='word_1_190' title='bbox 1354 3636 1389 3692; x_wconf 89' lang='lat' dir='ltr'><strong>et</strong></span> <span class='ocrx_word' id='word_1_191' title='bbox 1409 3624 1580 3708; x_wconf 88' lang='lat' dir='ltr'><strong>audiunt,</strong></span> <span class='ocrx_word' id='word_1_192' title='bbox 1612 3622 1784 3718; x_wconf 53' lang='lat' dir='ltr'><strong>(dost)</strong></span> <span class='ocrx_word' id='word_1_193' title='bbox 1811 3625 1994 3715; x_wconf 88' lang='lat' dir='ltr'><strong>quomodo</strong></span> <span class='ocrx_word' id='word_1_194' title='bbox 2018 3624 2057 3691; x_wconf 92' lang='lat' dir='ltr'><strong>iu</strong></span> <span class='ocrx_word' id='word_1_195' title='bbox 2078 3622 2193 3693; x_wconf 84' lang='lat' dir='ltr'><strong>Aetna</strong></span> 
     </span>
     <span class='ocr_line' id='line_1_21' title="bbox 168 3719 2194 3820; baseline 0.002 -26"><span class='ocrx_word' id='word_1_196' title='bbox 168 3726 270 3795; x_wconf 79' lang='lat' dir='ltr'><strong>durlce</strong></span> <span class='ocrx_word' id='word_1_197' title='bbox 300 3727 495 3799; x_wconf 84' lang='lat' dir='ltr'><strong>claustrum</strong></span> <span class='ocrx_word' id='word_1_198' title='bbox 518 3729 774 3820; x_wconf 80' lang='lat' dir='ltr'><strong>palpebrarum</strong></span> <span class='ocrx_word' id='word_1_199' title='bbox 799 3727 977 3809; x_wconf 80' lang='lat' dir='ltr'><strong>offundit,</strong></span> <span class='ocrx_word' id='word_1_200' title='bbox 1017 3736 1054 3794; x_wconf 87' lang='lat' dir='ltr'><strong>et</strong></span> <span class='ocrx_word' id='word_1_201' title='bbox 1074 3725 1159 3793; x_wconf 88' lang='lat' dir='ltr'><strong>dor·</strong></span> <span class='ocrx_word' id='word_1_202' title='bbox 1212 3726 1376 3815; x_wconf 79' lang='lat' dir='ltr'><strong>alligatus</strong></span> <span class='ocrx_word' id='word_1_203' title='bbox 1394 3723 1442 3795; x_wconf 91' lang='lat' dir='ltr'><strong>sit</strong></span> <span class='ocrx_word' id='word_1_204' title='bbox 1455 3719 1634 3818; x_wconf 81' lang='lat' dir='ltr'><strong>Typhon,</strong></span> <span class='ocrx_word' id='word_1_205' title='bbox 1661 3738 1696 3796; x_wconf 85' lang='lat' dir='ltr'><strong>rt</strong></span> <span class='ocrx_word' id='word_1_206' title='bbox 1713 3726 1824 3795; x_wconf 88' lang='lat' dir='ltr'><strong>lectus</strong></span> <span class='ocrx_word' id='word_1_207' title='bbox 1846 3724 1961 3795; x_wconf 77' lang='lat' dir='ltr'><strong>fodiat</strong></span> <span class='ocrx_word' id='word_1_208' title='bbox 1985 3725 2060 3797; x_wconf 87' lang='lat' dir='ltr'><strong>eius</strong></span> <span class='ocrx_word' id='word_1_209' title='bbox 2078 3736 2194 3799; x_wconf 83' lang='lat' dir='ltr'><strong>totum</strong></span> 
     </span>
     <span class='ocr_line' id='line_1_22' title="bbox 170 3822 1372 3919; baseline 0.003 -26"><span class='ocrx_word' id='word_1_210' title='bbox 170 3826 303 3897; x_wconf 84' lang='lat' dir='ltr'><strong>mitens</strong></span> <span class='ocrx_word' id='word_1_211' title='bbox 326 3828 459 3897; x_wconf 87' lang='lat' dir='ltr'><strong>attollit</strong></span> <span class='ocrx_word' id='word_1_212' title='bbox 484 3842 645 3919; x_wconf 78' lang='lat' dir='ltr'><strong>tergum,</strong></span> <span class='ocrx_word' id='word_1_213' title='bbox 685 3844 749 3901; x_wconf 88' lang='lat' dir='ltr'><strong>tuo</strong></span> <span class='ocrx_word' id='word_1_214' title='bbox 781 3830 855 3899; x_wconf 89' lang='lat' dir='ltr'><strong>ictu</strong></span> <span class='ocrx_word' id='word_1_215' title='bbox 885 3826 1045 3898; x_wconf 85' lang='lat' dir='ltr'><strong>delinita.</strong></span> <span class='ocrx_word' id='word_1_216' title='bbox 1110 3822 1159 3895; x_wconf 85' lang='lat' dir='ltr'><strong>Et</strong></span> <span class='ocrx_word' id='word_1_217' title='bbox 1211 3830 1372 3899; x_wconf 85' lang='lat' dir='ltr'><strong>dorsum.</strong></span> 
     </span>
     <span class='ocr_line' id='line_1_23' title="bbox 168 3925 2196 4033; baseline 0.008 -38"><span class='ocrx_word' id='word_1_218' title='bbox 168 3925 269 3998; x_wconf 86' lang='lat' dir='ltr'><strong>Mars</strong></span> <span class='ocrx_word' id='word_1_219' title='bbox 284 3927 493 4022; x_wconf 86' lang='lat' dir='ltr'><strong>relinquens</strong></span> <span class='ocrx_word' id='word_1_220' title='bbox 504 3931 665 4020; x_wconf 88' lang='lat' dir='ltr'><strong>proelia,</strong></span> <span class='ocrx_word' id='word_1_221' title='bbox 698 3931 877 4001; x_wconf 84' lang='lat' dir='ltr'><strong>demulcet</strong></span> <span class='ocrx_word' id='word_1_222' title='bbox 898 3952 961 3999; x_wconf 89' lang='lat' dir='ltr'><strong>cor</strong></span> <span class='ocrx_word' id='word_1_223' title='bbox 982 3939 1042 4000; x_wconf 83' lang='lat' dir='ltr'><strong>tua</strong></span> <span class='ocrx_word' id='word_1_224' title='bbox 1061 3927 1158 3998; x_wconf 88' lang='lat' dir='ltr'><strong>oble·</strong></span> <span class='ocrx_word' id='word_1_225' title='bbox 1317 3925 1684 4022; x_wconf 82' lang='lat' dir='ltr'><strong>Utinamlupitertibi</strong></span> <span class='ocrx_word' id='word_1_226' title='bbox 1699 3930 1995 4023; x_wconf 80' lang='lat' dir='ltr'><strong>placentllieron,</strong></span> <span class='ocrx_word' id='word_1_227' title='bbox 2021 3936 2084 4033; x_wconf 88' lang='lat' dir='ltr'><strong>qui</strong></span> <span class='ocrx_word' id='word_1_228' title='bbox 2100 3934 2196 4011; x_wconf 89' lang='lat' dir='ltr'><strong>hunc</strong></span> 
     </span>
     <span class='ocr_line' id='line_1_24' title="bbox 169 4029 2197 4130; baseline 0.007 -33"><span class='ocrx_word' id='word_1_229' title='bbox 169 4029 347 4115; x_wconf 79' lang='lat' dir='ltr'><strong>clatione,</strong></span> <span class='ocrx_word' id='word_1_230' title='bbox 380 4043 416 4100; x_wconf 86' lang='lat' dir='ltr'><strong>ct</strong></span> <span class='ocrx_word' id='word_1_231' title='bbox 437 4044 574 4103; x_wconf 87' lang='lat' dir='ltr'><strong>mentes</strong></span> <span class='ocrx_word' id='word_1_232' title='bbox 587 4031 748 4103; x_wconf 85' lang='lat' dir='ltr'><strong>Deorum</strong></span> <span class='ocrx_word' id='word_1_233' title='bbox 767 4031 971 4104; x_wconf 86' lang='lat' dir='ltr'><strong>demulcent</strong></span> <span class='ocrx_word' id='word_1_234' title='bbox 985 4030 1159 4114; x_wconf 86' lang='lat' dir='ltr'><strong>carmina,</strong></span> <span class='ocrx_word' id='word_1_235' title='bbox 1210 4045 1372 4102; x_wconf 89' lang='lat' dir='ltr'><strong>montem</strong></span> <span class='ocrx_word' id='word_1_236' title='bbox 1398 4032 1525 4104; x_wconf 78' lang='lat' dir='ltr'><strong>fertilis</strong></span> <span class='ocrx_word' id='word_1_237' title='bbox 1555 4045 1673 4105; x_wconf 81' lang='lat' dir='ltr'><strong>terrae</strong></span> <span class='ocrx_word' id='word_1_238' title='bbox 1697 4035 1852 4105; x_wconf 81' lang='lat' dir='ltr'><strong>frontem</strong></span> <span class='ocrx_word' id='word_1_239' title='bbox 1862 4036 1896 4130; x_wconf 70' lang='lat'><strong>⁸)</strong></span> <span class='ocrx_word' id='word_1_240' title='bbox 1915 4037 2062 4123; x_wconf 78' lang='lat' dir='ltr'><strong>meniis,</strong></span> <span class='ocrx_word' id='word_1_241' title='bbox 2097 4043 2197 4113; x_wconf 91' lang='lat' dir='ltr'><strong>cuins</strong></span> 
     </span>
     <span class='ocr_line' id='line_1_25' title="bbox 170 4131 2195 4228; baseline 0.006 -26"><span class='ocrx_word' id='word_1_242' title='bbox 170 4156 249 4202; x_wconf 85' lang='lat' dir='ltr'><strong>curn</strong></span> <span class='ocrx_word' id='word_1_243' title='bbox 278 4131 453 4223; x_wconf 86' lang='lat' dir='ltr'><strong>sapientia</strong></span> <span class='ocrx_word' id='word_1_244' title='bbox 476 4131 655 4226; x_wconf 79' lang='lat' dir='ltr'><strong>Apollinis</strong></span> <span class='ocrx_word' id='word_1_245' title='bbox 685 4149 721 4206; x_wconf 91' lang='lat' dir='ltr'><strong>et</strong></span> <span class='ocrx_word' id='word_1_246' title='bbox 744 4137 944 4207; x_wconf 76' lang='lat' dir='ltr'><strong>Musarum.</strong></span> <span class='ocrx_word' id='word_1_247' title='bbox 1003 4132 1085 4228; x_wconf 75' lang='lat' dir='ltr'><strong>(Ep.</strong></span> <span class='ocrx_word' id='word_1_248' title='bbox 1109 4135 1158 4226; x_wconf 86' lang='lat'><strong>1.)</strong></span> <span class='ocrx_word' id='word_1_249' title='bbox 1211 4135 1345 4207; x_wconf 88' lang='lat' dir='ltr'><strong>montis</strong></span> <span class='ocrx_word' id='word_1_250' title='bbox 1373 4133 1529 4206; x_wconf 89' lang='lat' dir='ltr'><strong>vicinam</strong></span> <span class='ocrx_word' id='word_1_251' title='bbox 1557 4138 1683 4208; x_wconf 87' lang='lat' dir='ltr'><strong>urbem</strong></span> <span class='ocrx_word' id='word_1_252' title='bbox 1714 4139 1840 4208; x_wconf 92' lang='lat' dir='ltr'><strong>eodem</strong></span> <span class='ocrx_word' id='word_1_253' title='bbox 1867 4142 2015 4212; x_wconf 84' lang='lat' dir='ltr'><strong>nomine</strong></span> <span class='ocrx_word' id='word_1_254' title='bbox 2041 4144 2195 4213; x_wconf 88' lang='lat' dir='ltr'><strong>Aetnam</strong></span> 
     </span>
     <span class='ocr_line' id='line_1_26' title="bbox 169 4234 2196 4337; baseline 0.005 -32"><span class='ocrx_word' id='word_1_255' title='bbox 169 4234 272 4326; x_wconf 82' lang='lat' dir='ltr'><strong>Quae</strong></span> <span class='ocrx_word' id='word_1_256' title='bbox 289 4248 409 4306; x_wconf 84' lang='lat' dir='ltr'><strong>autem</strong></span> <span class='ocrx_word' id='word_1_257' title='bbox 423 4235 758 4330; x_wconf 88' lang='lat' dir='ltr'><strong>nonamatlupiter</strong></span> <span class='ocrx_word' id='word_1_258' title='bbox 776 4239 815 4307; x_wconf 90' lang='lat' dir='ltr'><strong>iu</strong></span> <span class='ocrx_word' id='word_1_259' title='bbox 830 4251 926 4308; x_wconf 89' lang='lat' dir='ltr'><strong>terra</strong></span> <span class='ocrx_word' id='word_1_260' title='bbox 944 4250 981 4306; x_wconf 87' lang='lat' dir='ltr'><strong>et</strong></span> <span class='ocrx_word' id='word_1_261' title='bbox 999 4239 1039 4307; x_wconf 91' lang='lat' dir='ltr'><strong>in</strong></span> <span class='ocrx_word' id='word_1_262' title='bbox 1055 4236 1159 4320; x_wconf 88' lang='lat' dir='ltr'><strong>mari,</strong></span> <span class='ocrx_word' id='word_1_263' title='bbox 1210 4237 1527 4309; x_wconf 79' lang='lat' dir='ltr'><strong>fundatorffieron</strong></span> <span class='ocrx_word' id='word_1_264' title='bbox 1543 4241 1698 4311; x_wconf 86' lang='lat' dir='ltr'><strong>ornavit.</strong></span> <span class='ocrx_word' id='word_1_265' title='bbox 1750 4239 1844 4312; x_wconf 86' lang='lat' dir='ltr'><strong>Nam</strong></span> <span class='ocrx_word' id='word_1_266' title='bbox 1861 4242 1900 4312; x_wconf 92' lang='lat' dir='ltr'><strong>in</strong></span> <span class='ocrx_word' id='word_1_267' title='bbox 1912 4239 2051 4337; x_wconf 88' lang='lat' dir='ltr'><strong>Pythiis</strong></span> <span class='ocrx_word' id='word_1_268' title='bbox 2067 4268 2196 4337; x_wconf 84' lang='lat' dir='ltr'><strong>praeco</strong></span> 
     </span>
     <span class='ocr_line' id='line_1_27' title="bbox 167 4336 2241 4442; baseline 0.006 -37"><span class='ocrx_word' id='word_1_269' title='bbox 167 4336 354 4409; x_wconf 87' lang='lat' dir='ltr'><strong>Musarum</strong></span> <span class='ocrx_word' id='word_1_270' title='bbox 374 4351 517 4408; x_wconf 91' lang='lat' dir='ltr'><strong>cantum</strong></span> <span class='ocrx_word' id='word_1_271' title='bbox 533 4340 661 4411; x_wconf 86' lang='lat' dir='ltr'><strong>andire</strong></span> <span class='ocrx_word' id='word_1_272' title='bbox 682 4353 867 4412; x_wconf 87' lang='lat' dir='ltr'><strong>recusant:</strong></span> <span class='ocrx_word' id='word_1_273' title='bbox 894 4352 936 4411; x_wconf 86' lang='lat' dir='ltr'><strong>nt</strong></span> <span class='ocrx_word' id='word_1_274' title='bbox 949 4336 1159 4434; x_wconf 82' lang='lat' dir='ltr'><strong>Typhoeus,</strong></span> <span class='ocrx_word' id='word_1_275' title='bbox 1210 4340 1380 4412; x_wconf 87' lang='lat' dir='ltr'><strong>Hieronis</strong></span> <span class='ocrx_word' id='word_1_276' title='bbox 1395 4341 1582 4411; x_wconf 87' lang='lat' dir='ltr'><strong>victoriam</strong></span> <span class='ocrx_word' id='word_1_277' title='bbox 1601 4343 1834 4417; x_wconf 82' lang='lat' dir='ltr'><strong>renuntiavit.</strong></span> <span class='ocrx_word' id='word_1_278' title='bbox 1889 4343 1968 4439; x_wconf 68' lang='lat' dir='ltr'><strong>(leis.</strong></span> <span class='ocrx_word' id='word_1_279' title='bbox 1984 4345 2037 4442; x_wconf 80' lang='lat'><strong>2.)</strong></span> <span class='ocrx_word' id='word_1_280' title='bbox 2055 4346 2196 4417; x_wconf 88' lang='lat' dir='ltr'><strong>Habere</strong></span> <span class='ocrx_word' id='word_1_281' title='bbox 2238 4392 2241 4397; x_wconf 94' lang='lat'>-</span> 
     </span>
     <span class='ocr_line' id='line_1_28' title="bbox 167 4435 2197 4540; baseline 0.005 -32"><span class='ocrx_word' id='word_1_282' title='bbox 167 4437 330 4511; x_wconf 86' lang='lat' dir='ltr'><strong>Deorum</strong></span> <span class='ocrx_word' id='word_1_283' title='bbox 350 4435 483 4524; x_wconf 87' lang='lat' dir='ltr'><strong>hostis,</strong></span> <span class='ocrx_word' id='word_1_284' title='bbox 509 4443 573 4535; x_wconf 86' lang='lat' dir='ltr'><strong>qni</strong></span> <span class='ocrx_word' id='word_1_285' title='bbox 587 4443 626 4513; x_wconf 90' lang='lat' dir='ltr'><strong>in</strong></span> <span class='ocrx_word' id='word_1_286' title='bbox 640 4442 797 4515; x_wconf 82' lang='lat' dir='ltr'><strong>Tartaro</strong></span> <span class='ocrx_word' id='word_1_287' title='bbox 814 4444 924 4527; x_wconf 85' lang='lat' dir='ltr'><strong>iacet,</strong></span> <span class='ocrx_word' id='word_1_288' title='bbox 952 4466 1060 4536; x_wconf 87' lang='lat' dir='ltr'><strong>quem</strong></span> <span class='ocrx_word' id='word_1_289' title='bbox 1075 4440 1159 4513; x_wconf 89' lang='lat' dir='ltr'><strong>Cili·</strong></span> <span class='ocrx_word' id='word_1_290' title='bbox 1210 4444 1385 4515; x_wconf 87' lang='lat' dir='ltr'><strong>secundos</strong></span> <span class='ocrx_word' id='word_1_291' title='bbox 1398 4457 1541 4529; x_wconf 88' lang='lat' dir='ltr'><strong>ventos,</strong></span> <span class='ocrx_word' id='word_1_292' title='bbox 1566 4458 1709 4537; x_wconf 78' lang='lat' dir='ltr'><strong>gratum</strong></span> <span class='ocrx_word' id='word_1_293' title='bbox 1729 4459 1782 4517; x_wconf 88' lang='lat' dir='ltr'><strong>est</strong></span> <span class='ocrx_word' id='word_1_294' title='bbox 1797 4449 2058 4540; x_wconf 84' lang='lat' dir='ltr'><strong>navigantibus.</strong></span> <span class='ocrx_word' id='word_1_295' title='bbox 2105 4448 2197 4520; x_wconf 84' lang='lat' dir='ltr'><strong>Gra-</strong></span> 
     </span>
     <span class='ocr_line' id='line_1_29' title="bbox 169 4543 2197 4640; baseline 0.004 -30"><span class='ocrx_word' id='word_1_296' title='bbox 169 4543 284 4640; x_wconf 85' lang='lat' dir='ltr'><strong>ciae⁴)</strong></span> <span class='ocrx_word' id='word_1_297' title='bbox 300 4567 427 4635; x_wconf 87' lang='lat' dir='ltr'><strong>specus</strong></span> <span class='ocrx_word' id='word_1_298' title='bbox 442 4545 605 4618; x_wconf 76' lang='lat' dir='ltr'><strong>nutrivit.</strong></span> <span class='ocrx_word' id='word_1_299' title='bbox 642 4545 749 4618; x_wconf 84' lang='lat' dir='ltr'><strong>Nunc</strong></span> <span class='ocrx_word' id='word_1_300' title='bbox 764 4559 884 4618; x_wconf 90' lang='lat' dir='ltr'><strong>autem</strong></span> <span class='ocrx_word' id='word_1_301' title='bbox 901 4545 1068 4619; x_wconf 86' lang='lat' dir='ltr'><strong>villosum</strong></span> <span class='ocrx_word' id='word_1_302' title='bbox 1084 4543 1159 4615; x_wconf 90' lang='lat' dir='ltr'><strong>eius</strong></span> <span class='ocrx_word' id='word_1_303' title='bbox 1212 4558 1288 4617; x_wconf 88' lang='lat' dir='ltr'><strong>tum</strong></span> <span class='ocrx_word' id='word_1_304' title='bbox 1318 4559 1372 4617; x_wconf 87' lang='lat' dir='ltr'><strong>est</strong></span> <span class='ocrx_word' id='word_1_305' title='bbox 1402 4547 1499 4616; x_wconf 89' lang='lat' dir='ltr'><strong>enim</strong></span> <span class='ocrx_word' id='word_1_306' title='bbox 1529 4543 1661 4619; x_wconf 86' lang='lat' dir='ltr'><strong>habere</strong></span> <span class='ocrx_word' id='word_1_307' title='bbox 1692 4549 1830 4619; x_wconf 82' lang='lat' dir='ltr'><strong>felicem</strong></span> <span class='ocrx_word' id='word_1_308' title='bbox 1859 4552 2033 4630; x_wconf 89' lang='lat' dir='ltr'><strong>reditum;</strong></span> <span class='ocrx_word' id='word_1_309' title='bbox 2074 4564 2109 4619; x_wconf 88' lang='lat' dir='ltr'><strong>et</strong></span> <span class='ocrx_word' id='word_1_310' title='bbox 2137 4545 2197 4620; x_wconf 88' lang='lat' dir='ltr'><strong>hie</strong></span> 
     </span>
     <span class='ocr_line' id='line_1_30' title="bbox 1211 4644 2197 4742; baseline 0.005 -24"><span class='ocrx_word' id='word_1_311' title='bbox 1211 4672 1312 4721; x_wconf 85' lang='lat' dir='ltr'><strong>meus</strong></span> <span class='ocrx_word' id='word_1_312' title='bbox 1333 4644 1490 4741; x_wconf 86' lang='lat' dir='ltr'><strong>hymnus</strong></span> <span class='ocrx_word' id='word_1_313' title='bbox 1521 4645 1578 4721; x_wconf 75' lang='lat' dir='ltr'><strong>bia</strong></span> <span class='ocrx_word' id='word_1_314' title='bbox 1606 4651 1823 4722; x_wconf 86' lang='lat' dir='ltr'><strong>successibus</strong></span> <span class='ocrx_word' id='word_1_315' title='bbox 1852 4653 1953 4723; x_wconf 84' lang='lat' dir='ltr'><strong>addit</strong></span> <span class='ocrx_word' id='word_1_316' title='bbox 1975 4649 2127 4742; x_wconf 82' lang='lat' dir='ltr'><strong>gloriam</strong></span> <span class='ocrx_word' id='word_1_317' title='bbox 2151 4654 2197 4723; x_wconf 84' lang='lat' dir='ltr'><strong>ad</strong></span> 
     </span>
    </p>
   </div>
   <div class='ocr_carea' id='block_1_6' title="bbox 210 4752 2198 4955">
    <p class='ocr_par' dir='ltr' id='par_1_6' title="bbox 210 4752 2198 4955">
     <span class='ocr_line' id='line_1_31' title="bbox 210 4752 2181 4924; baseline 0.003 -56"><span class='ocrx_word' id='word_1_318' title='bbox 210 4808 1160 4884; x_wconf 57' lang='lat' dir='ltr'><strong>omma‚102r1a.m.,2a.=1›n.aam.</strong></span> <span class='ocrx_word' id='word_1_319' title='bbox 1210 4752 1946 4924; x_wconf 49' lang='lat' dir='ltr'><strong>,suffitcenomannum.</strong></span> <span class='ocrx_word' id='word_1_320' title='bbox 2172 4857 2181 4876; x_wconf 92' lang='lat'><strong>.</strong></span> 
     </span>
     <span class='ocr_line' id='line_1_32' title="bbox 240 4856 2198 4955; baseline -0.003 -23"><span class='ocrx_word' id='word_1_321' title='bbox 240 4882 293 4932; x_wconf 63' lang='grc' dir='ltr'><strong>ωε.</strong></span> <span class='ocrx_word' id='word_1_322' title='bbox 313 4885 403 4947; x_wconf 74' lang='lat' dir='ltr'><strong>ossa,</strong></span> <span class='ocrx_word' id='word_1_323' title='bbox 427 4887 514 4936; x_wconf 72' lang='lat' dir='ltr'><strong>surr.</strong></span> <span class='ocrx_word' id='word_1_324' title='bbox 534 4886 629 4950; x_wconf 73' lang='lat' dir='ltr'><strong>asso..</strong></span> <span class='ocrx_word' id='word_1_325' title='bbox 660 4888 695 4943; x_wconf 86' lang='lat' dir='ltr'><strong>n.</strong></span> <span class='ocrx_word' id='word_1_326' title='bbox 712 4889 807 4950; x_wconf 70' lang='lat' dir='ltr'><strong>supr.</strong></span> <span class='ocrx_word' id='word_1_327' title='bbox 828 4887 906 4939; x_wconf 86' lang='lat' dir='ltr'><strong>tsss.</strong></span> <span class='ocrx_word' id='word_1_328' title='bbox 923 4886 1106 4955; x_wconf 52' lang='lat' dir='ltr'><strong>mom-at,</strong></span> <span class='ocrx_word' id='word_1_329' title='bbox 1131 4887 1161 4937; x_wconf 67' lang='lat' dir='ltr'><strong>a</strong></span> <span class='ocrx_word' id='word_1_330' title='bbox 1417 4856 1526 4937; x_wconf 87' lang='lat' dir='ltr'><strong>oebe,</strong></span> <span class='ocrx_word' id='word_1_331' title='bbox 1552 4856 1639 4926; x_wconf 76' lang='lat' dir='ltr'><strong>velas</strong></span> <span class='ocrx_word' id='word_1_332' title='bbox 1662 4856 1715 4925; x_wconf 84' lang='lat' dir='ltr'><strong>rllr</strong></span> <span class='ocrx_word' id='word_1_333' title='bbox 1741 4880 1879 4946; x_wconf 76' lang='lat' dir='ltr'><strong>regrum</strong></span> <span class='ocrx_word' id='word_1_334' title='bbox 1902 4867 2125 4948; x_wconf 85' lang='lat' dir='ltr'><strong>praestantes</strong></span> <span class='ocrx_word' id='word_1_335' title='bbox 2146 4882 2198 4926; x_wconf 86' lang='lat' dir='ltr'><strong>vr·</strong></span> 
     </span>
    </p>
   </div>
   <div class='ocr_carea' id='block_1_7' title="bbox 239 4950 2199 5053">
    <p class='ocr_par' dir='ltr' id='par_1_7' title="bbox 239 4950 2199 5053">
     <span class='ocr_line' id='line_1_33' title="bbox 239 4950 2199 5053; baseline 0.009 -39"><span class='ocrx_word' id='word_1_336' title='bbox 239 4950 343 5014; x_wconf 66' lang='lat' dir='ltr'><strong>”mil</strong></span> <span class='ocrx_word' id='word_1_337' title='bbox 359 4954 524 5019; x_wconf 69' lang='lat' dir='ltr'><strong>interpres,</strong></span> <span class='ocrx_word' id='word_1_338' title='bbox 546 4956 577 5007; x_wconf 75' lang='lat'><strong>¹⁰</strong></span> <span class='ocrx_word' id='word_1_339' title='bbox 594 4956 680 5009; x_wconf 78' lang='lat' dir='ltr'><strong>udtts.</strong></span> <span class='ocrx_word' id='word_1_340' title='bbox 698 4958 817 5011; x_wconf 58' lang='grc' dir='ltr'><strong>ΜΗ·</strong></span> <span class='ocrx_word' id='word_1_341' title='bbox 835 4959 864 5008; x_wconf 76' lang='lat' dir='ltr'><strong>ot</strong></span> <span class='ocrx_word' id='word_1_342' title='bbox 881 4956 983 5025; x_wconf 59' lang='lat' dir='ltr'><strong>”ersl-</strong></span> <span class='ocrx_word' id='word_1_343' title='bbox 1003 4956 1091 5007; x_wconf 62' lang='lat' dir='ltr'><strong>dmi</strong></span> <span class='ocrx_word' id='word_1_344' title='bbox 1211 4977 1271 5026; x_wconf 88' lang='lat' dir='ltr'><strong>ros</strong></span> <span class='ocrx_word' id='word_1_345' title='bbox 1295 4956 1393 5027; x_wconf 88' lang='lat' dir='ltr'><strong>dare.</strong></span> <span class='ocrx_word' id='word_1_346' title='bbox 1457 4958 1551 5051; x_wconf 78' lang='lat' dir='ltr'><strong>(Sir.</strong></span> <span class='ocrx_word' id='word_1_347' title='bbox 1574 4956 1628 5053; x_wconf 70' lang='grc' dir='ltr'><strong>ὅ.)</strong></span> <span class='ocrx_word' id='word_1_348' title='bbox 1653 4958 1746 5029; x_wconf 89' lang='lat' dir='ltr'><strong>Nam</strong></span> <span class='ocrx_word' id='word_1_349' title='bbox 1772 4982 1814 5027; x_wconf 86' lang='lat' dir='ltr'><strong>ex</strong></span> <span class='ocrx_word' id='word_1_350' title='bbox 1834 4955 1913 5028; x_wconf 86' lang='lat' dir='ltr'><strong>Deo</strong></span> <span class='ocrx_word' id='word_1_351' title='bbox 1933 4971 1984 5031; x_wconf 88' lang='lat' dir='ltr'><strong>est</strong></span> <span class='ocrx_word' id='word_1_352' title='bbox 2009 4959 2127 5031; x_wconf 84' lang='lat' dir='ltr'><strong>omnis</strong></span> <span class='ocrx_word' id='word_1_353' title='bbox 2148 4961 2199 5031; x_wconf 83' lang='lat' dir='ltr'><strong>ef·</strong></span> 
     </span>
    </p>
   </div>
   <div class='ocr_carea' id='block_1_8' title="bbox 202 5049 2321 5191">
    <p class='ocr_par' dir='ltr' id='par_1_8' title="bbox 202 5049 2321 5191">
     <span class='ocr_line' id='line_1_34' title="bbox 202 5049 2321 5171; baseline 0.005 -51"><span class='ocrx_word' id='word_1_354' title='bbox 202 5049 341 5171; x_wconf 53' lang='lat' dir='ltr'><strong>„siml</strong></span> <span class='ocrx_word' id='word_1_355' title='bbox 368 5056 410 5106; x_wconf 77' lang='lat'><strong>⁸¹⁰</strong></span> <span class='ocrx_word' id='word_1_356' title='bbox 433 5061 482 5114; x_wconf 60' lang='grc' dir='ltr'><strong>(-·ἔ</strong></span> <span class='ocrx_word' id='word_1_357' title='bbox 498 5057 576 5109; x_wconf 74' lang='lat' dir='ltr'><strong>etad</strong></span> <span class='ocrx_word' id='word_1_358' title='bbox 593 5053 706 5129; x_wconf 65' lang='lat' dir='ltr'><strong>‘titani</strong></span> <span class='ocrx_word' id='word_1_359' title='bbox 723 5060 774 5110; x_wconf 72' lang='lat' dir='ltr'><strong>Ed·</strong></span> <span class='ocrx_word' id='word_1_360' title='bbox 789 5058 866 5110; x_wconf 72' lang='lat'><strong>¹⁵⁶⁸·</strong></span> <span class='ocrx_word' id='word_1_361' title='bbox 891 5060 921 5109; x_wconf 59' lang='grc' dir='ltr'><strong>οἱ</strong></span> <span class='ocrx_word' id='word_1_362' title='bbox 944 5056 1103 5133; x_wconf 56' lang='lat' dir='ltr'><strong>mettii·</strong></span> <span class='ocrx_word' id='word_1_363' title='bbox 1124 5058 1160 5109; x_wconf 75' lang='grc' dir='ltr'><strong>ΙΙ·</strong></span> <span class='ocrx_word' id='word_1_364' title='bbox 1208 5056 1315 5129; x_wconf 76' lang='lat' dir='ltr'><strong>sectio</strong></span> <span class='ocrx_word' id='word_1_365' title='bbox 1329 5053 1572 5130; x_wconf 89' lang='lat' dir='ltr'><strong>humanarum</strong></span> <span class='ocrx_word' id='word_1_366' title='bbox 1589 5060 1779 5130; x_wconf 82' lang='lat' dir='ltr'><strong>virtutum:</strong></span> <span class='ocrx_word' id='word_1_367' title='bbox 1807 5072 1844 5130; x_wconf 78' lang='lat' dir='ltr'><strong>et</strong></span> <span class='ocrx_word' id='word_1_368' title='bbox 1857 5062 2054 5154; x_wconf 84' lang='lat' dir='ltr'><strong>sapientes,</strong></span> <span class='ocrx_word' id='word_1_369' title='bbox 2077 5063 2198 5132; x_wconf 82' lang='lat' dir='ltr'><strong>etfnr·</strong></span> <span class='ocrx_word' id='word_1_370' title='bbox 2310 5118 2321 5131; x_wconf 89' lang='lat'><strong>.</strong></span> 
     </span>
     <span class='ocr_line' id='line_1_35' title="bbox 273 5122 920 5191; baseline 0.008 -20"><span class='ocrx_word' id='word_1_371' title='bbox 273 5122 351 5189; x_wconf 73' lang='lat' dir='ltr'><strong>opu,</strong></span> <span class='ocrx_word' id='word_1_372' title='bbox 370 5122 490 5188; x_wconf 72' lang='lat' dir='ltr'><strong>noyon,</strong></span> <span class='ocrx_word' id='word_1_373' title='bbox 512 5126 657 5191; x_wconf 69' lang='lat' dir='ltr'><strong>somnum</strong></span> <span class='ocrx_word' id='word_1_374' title='bbox 682 5128 731 5180; x_wconf 80' lang='lat' dir='ltr'><strong>nu</strong></span> <span class='ocrx_word' id='word_1_375' title='bbox 749 5128 824 5179; x_wconf 82' lang='lat' dir='ltr'><strong>taes.</strong></span> <span class='ocrx_word' id='word_1_376' title='bbox 844 5125 920 5177; x_wconf 79' lang='lat' dir='ltr'><strong>trote.</strong></span> 
     </span>
    </p>
   </div>
   <div class='ocr_carea' id='block_1_9' title="bbox 202 5223 985 5295">
    <p class='ocr_par' dir='ltr' id='par_1_9' title="bbox 202 5223 985 5295">
     <span class='ocr_line' id='line_1_36' title="bbox 202 5223 985 5295; baseline 0.009 -21"><span class='ocrx_word' id='word_1_377' title='bbox 202 5223 235 5285; x_wconf 70' lang='lat'><strong>2)</strong></span> <span class='ocrx_word' id='word_1_378' title='bbox 253 5224 399 5290; x_wconf 77' lang='lat' dir='ltr'><strong>nebulam]</strong></span> <span class='ocrx_word' id='word_1_379' title='bbox 418 5228 467 5279; x_wconf 81' lang='lat' dir='ltr'><strong>ltd.</strong></span> <span class='ocrx_word' id='word_1_380' title='bbox 484 5227 559 5280; x_wconf 73' lang='lat' dir='ltr'><strong>tow.</strong></span> <span class='ocrx_word' id='word_1_381' title='bbox 578 5238 676 5280; x_wconf 84' lang='lat' dir='ltr'><strong>erroro</strong></span> <span class='ocrx_word' id='word_1_382' title='bbox 693 5231 823 5295; x_wconf 67' lang='lat' dir='ltr'><strong>snoges</strong></span> <span class='ocrx_word' id='word_1_383' title='bbox 848 5231 985 5282; x_wconf 78' lang='lat' dir='ltr'><strong>neeman.</strong></span> 
     </span>
    </p>
   </div>
   <div class='ocr_carea' id='block_1_10' title="bbox 170 5316 2200 5463">
    <p class='ocr_par' dir='ltr' id='par_1_10' title="bbox 170 5316 2200 5463">
     <span class='ocr_line' id='line_1_37' title="bbox 201 5316 2200 5397; baseline 0 -16"><span class='ocrx_word' id='word_1_384' title='bbox 201 5322 233 5390; x_wconf 79' lang='grc'><strong>4)</strong></span> <span class='ocrx_word' id='word_1_385' title='bbox 252 5316 380 5395; x_wconf 61' lang='lat' dir='ltr'><strong>Cilicia]</strong></span> <span class='ocrx_word' id='word_1_386' title='bbox 402 5328 444 5381; x_wconf 85' lang='lat' dir='ltr'><strong>sle</strong></span> <span class='ocrx_word' id='word_1_387' title='bbox 460 5330 510 5380; x_wconf 70' lang='lat' dir='ltr'><strong>Ed.</strong></span> <span class='ocrx_word' id='word_1_388' title='bbox 525 5328 619 5393; x_wconf 65' lang='lat' dir='ltr'><strong>tm,</strong></span> <span class='ocrx_word' id='word_1_389' title='bbox 641 5329 677 5380; x_wconf 84' lang='lat' dir='ltr'><strong>ii.</strong></span> <span class='ocrx_word' id='word_1_390' title='bbox 690 5330 799 5395; x_wconf 60' lang='lat' dir='ltr'><strong>slepe,</strong></span> <span class='ocrx_word' id='word_1_391' title='bbox 818 5332 933 5397; x_wconf 72' lang='lat' dir='ltr'><strong>lleyns,</strong></span> <span class='ocrx_word' id='word_1_392' title='bbox 950 5331 1069 5385; x_wconf 69' lang='lat' dir='ltr'><strong>somata</strong></span> <span class='ocrx_word' id='word_1_393' title='bbox 1087 5330 1159 5384; x_wconf 71' lang='lat' dir='ltr'><strong>Olli·</strong></span> <span class='ocrx_word' id='word_1_394' title='bbox 1245 5332 1278 5390; x_wconf 77' lang='lat' dir='ltr'><strong>b)</strong></span> <span class='ocrx_word' id='word_1_395' title='bbox 1294 5323 1427 5393; x_wconf 70' lang='lat' dir='ltr'><strong>montom]</strong></span> <span class='ocrx_word' id='word_1_396' title='bbox 1446 5327 1489 5377; x_wconf 87' lang='lat' dir='ltr'><strong>sle</strong></span> <span class='ocrx_word' id='word_1_397' title='bbox 1506 5325 1554 5393; x_wconf 90' lang='lat'><strong>(=</strong></span> <span class='ocrx_word' id='word_1_398' title='bbox 1566 5324 1644 5377; x_wconf 81' lang='lat' dir='ltr'><strong>etur.</strong></span> <span class='ocrx_word' id='word_1_399' title='bbox 1661 5325 1808 5396; x_wconf 65' lang='lat' dir='ltr'><strong>pirenos)</strong></span> <span class='ocrx_word' id='word_1_400' title='bbox 1824 5330 1874 5380; x_wconf 76' lang='lat' dir='ltr'><strong>ud</strong></span> <span class='ocrx_word' id='word_1_401' title='bbox 1890 5330 1983 5394; x_wconf 58' lang='lat' dir='ltr'><strong>ibba,</strong></span> <span class='ocrx_word' id='word_1_402' title='bbox 2002 5331 2031 5380; x_wconf 80' lang='lat' dir='ltr'><strong>el</strong></span> <span class='ocrx_word' id='word_1_403' title='bbox 2044 5328 2200 5394; x_wconf 68' lang='lat' dir='ltr'><strong>trasmae.</strong></span> 
     </span>
     <span class='ocr_line' id='line_1_38' title="bbox 170 5394 2045 5463; baseline 0.001 -18"><span class='ocrx_word' id='word_1_404' title='bbox 170 5426 173 5432; x_wconf 85' lang='lat'><em>-</em></span> <span class='ocrx_word' id='word_1_405' title='bbox 238 5396 313 5448; x_wconf 73' lang='lat' dir='ltr'><strong>aton</strong></span> <span class='ocrx_word' id='word_1_406' title='bbox 328 5410 365 5446; x_wconf 80' lang='lat'>=</span> <span class='ocrx_word' id='word_1_407' title='bbox 381 5398 460 5455; x_wconf 78' lang='lat' dir='ltr'><strong>rna.</strong></span> <span class='ocrx_word' id='word_1_408' title='bbox 478 5395 623 5463; x_wconf 65' lang='lat' dir='ltr'><strong>manu,</strong></span> <span class='ocrx_word' id='word_1_409' title='bbox 646 5401 697 5451; x_wconf 80' lang='lat' dir='ltr'><strong>nu</strong></span> <span class='ocrx_word' id='word_1_410' title='bbox 711 5398 788 5452; x_wconf 59' lang='grc' dir='ltr'><strong>ιιι</strong></span> <span class='ocrx_word' id='word_1_411' title='bbox 804 5401 892 5455; x_wconf 72' lang='lat' dir='ltr'><strong>nto:</strong></span> <span class='ocrx_word' id='word_1_412' title='bbox 916 5399 1038 5452; x_wconf 70' lang='lat' dir='ltr'><strong>storum</strong></span> <span class='ocrx_word' id='word_1_413' title='bbox 1279 5399 1313 5449; x_wconf 79' lang='lat' dir='ltr'><strong>tn</strong></span> <span class='ocrx_word' id='word_1_414' title='bbox 1333 5397 1445 5460; x_wconf 66' lang='lat' dir='ltr'><strong>scopu,</strong></span> <span class='ocrx_word' id='word_1_415' title='bbox 1462 5394 1583 5461; x_wconf 71' lang='lat' dir='ltr'><strong>noym,</strong></span> <span class='ocrx_word' id='word_1_416' title='bbox 1600 5396 1745 5460; x_wconf 70' lang='lat' dir='ltr'><strong>munta</strong></span> <span class='ocrx_word' id='word_1_417' title='bbox 1771 5399 1822 5455; x_wconf 81' lang='lat' dir='ltr'><strong>eo.</strong></span> <span class='ocrx_word' id='word_1_418' title='bbox 1839 5398 1916 5450; x_wconf 82' lang='lat' dir='ltr'><strong>tsss.</strong></span> <span class='ocrx_word' id='word_1_419' title='bbox 1934 5399 2045 5449; x_wconf 76' lang='lat' dir='ltr'><strong>naon.</strong></span> 
     </span>
    </p>
   </div>
   <div class='ocr_carea' id='block_1_11' title="bbox 1609 5459 1689 5538">
    <p class='ocr_par' dir='ltr' id='par_1_11' title="bbox 1609 5459 1689 5538">
     <span class='ocr_line' id='line_1_39' title="bbox 1609 5459 1689 5538; baseline 0.025 -2"><span class='ocrx_word' id='word_1_420' title='bbox 1609 5459 1689 5538; x_wconf 75' lang='lat'><strong>14¹⁸</strong></span> 
     </span>
    </p>
   </div>
   <div class='ocr_carea' id='block_1_12' title="bbox 266 2853 1060 2953">
    <p class='ocr_par' dir='ltr' id='par_1_12' title="bbox 266 2853 1060 2953">
     <span class='ocr_line' id='line_1_40' title="bbox 266 2853 1060 2953; baseline 0.003 -26"><span class='ocrx_word' id='word_1_421' title='bbox 266 2859 457 2927; x_wconf 81' lang='lat' dir='ltr'><strong>Hieroni</strong></span> <span class='ocrx_word' id='word_1_422' title='bbox 481 2861 630 2928; x_wconf 77' lang='lat' dir='ltr'><strong>Aetnaeo</strong></span> <span class='ocrx_word' id='word_1_423' title='bbox 652 2854 886 2951; x_wconf 74' lang='lat' dir='ltr'><strong>Syracurin¹)</strong></span> <span class='ocrx_word' id='word_1_424' title='bbox 908 2853 1060 2953; x_wconf 76' lang='grc' dir='ltr'><strong>ἅρματι.</strong></span> 
     </span>
    </p>
   </div>
   <div class='ocr_carea' id='block_1_13' title="bbox 0 0 2394 6004">
    <p class='ocr_par' dir='ltr' id='par_1_13' title="bbox 0 0 2394 6004">
     <span class='ocr_line' id='line_1_41' title="bbox 0 0 2394 6004; baseline 0 0"><span class='ocrx_word' id='word_1_425' title='bbox 0 0 2394 6004; x_wconf 95' lang='lat' dir='ltr'><strong> </strong></span> 
     </span>
    </p>
   </div>
  </div>
 </body>
</html>
