4754 6014
43 314 50 323 '
87 300 166 381 687

263 470 508 566 Lycurgus
531 465 701 539 Bacchi
735 463 900 539 hostis.

138 608 217 679 Vss.
234 612 286 682 22
303 633 356 701 sq.
382 607 690 702 bipenniferumque
706 608 902 696 Lycumum

140 709 250 806 w)
265 721 407 781 mactas.

189 828 395 922 Lycurgus,
420 852 483 897 rex
497 823 746 921 Spartae⁸³⁸),
773 812 813 893 ht
828 847 911 895 suos
926 820 1080 916 populos

87 934 134 1003 ab
152 932 301 1000 immani
319 929 576 1002 consuetudine
590 926 808 1021 perpotandi
832 928 1017 995 reduceret
1034 925 1080 991 ad

86 1033 338 1118 sobrietatem,
380 1032 565 1101 interdixit
599 1032 649 1101 eis
683 1054 786 1100 usum
820 1027 916 1110 vini,
957 1024 1081 1095 excisis

86 1135 194 1204 etiam
221 1148 256 1204 et
278 1134 462 1227 extirpatis
485 1133 617 1203 vineis:
655 1133 746 1202 sicut
768 1154 844 1200 non
868 1130 991 1199 multis
1018 1128 1080 1192 ab·

84 1233 171 1308 binc
195 1236 298 1308 annis
321 1237 497 1318 Basilius,
531 1234 737 1304 Moscorum
766 1232 951 1327 princeps,
984 1227 1080 1310 fecit,

84 1339 278 1409 interdicto
293 1364 361 1410 usu
377 1337 569 1407 cerevisiae
583 1346 733 1428 propter
750 1335 899 1402 eandem
923 1353 1078 1400 causam.

84 1438 240 1534 Ideoque
267 1442 414 1530 fingitur
429 1438 615 1529 Lycurgus
638 1436 742 1529 (teste
755 1431 971 1528 Plutarcho)
995 1456 1079 1501 con·

92 1554 253 1632 temptor
268 1555 304 1610 et
318 1538 432 1612 hostis
445 1536 591 1611 Bacchi.

22 1796 27 1805 .
83 1739 252 1814 Bacchi
280 1742 531 1812 comitatus
557 1738 802 1832 exSatyris
827 1751 872 1809 et
898 1739 1079 1811 vesanis

430 1841 725 1911 mulieribus.

132 1976 195 2049 Vs.
211 1972 274 2050 25.
301 1978 456 2049 Boecloe
470 1980 657 2076 Satyrique
676 1987 872 2072 sequamur.

185 2096 407 2169 Ebrietatem
430 2099 622 2170 comitatur
645 2123 789 2193 quoque
817 2094 930 2167 libido
963 2108 1000 2165 et
1023 2094 1079 2163 in·

83 2200 199 2274 sania:
233 2197 302 2272 hac
324 2203 368 2271 de
393 2226 498 2272 causa
515 2201 635 2294 Satyri
659 2214 694 2271 et
707 2195 869 2270 Bacchae
894 2200 1079 2290 finguntur

88 2328 162 2377 esse
175 2304 322 2374 comites
338 2304 450 2394 ipsius
461 2299 617 2386 Bacchi,
643 2327 719 2371 non
741 2303 846 2371 aliter
869 2313 977 2395 atque
1000 2300 1080 2393 lyn-

88 2431 165 2491 ces,
203 2406 311 2496 tigres
337 2410 382 2495 {et
414 2400 624 2495 pantherae.
695 2402 814 2494 Satyri
839 2401 934 2470 enim
959 2396 1079 2493 perhi-

85 2510 219 2579 bentur
235 2529 308 2576 esse
326 2505 416 2582 adeo
439 2505 593 2587 salaces,
627 2514 669 2573 ut
692 2494 811 2574 motus
835 2525 897 2572 seu
919 2502 1080 2592 pruritus

85 2607 249 2678 libidinis
284 2606 392 2696 vulgo
422 2604 632 2697 satyrismus
669 2604 826 2685 dicatur;
874 2616 910 2674 et
941 2614 1080 2673 constat

86 2705 248 2780 Bacchas
261 2708 369 2779 fnisse
384 2707 553 2779 mulieres
567 2708 691 2778 furore
707 2717 901 2800 correptas.

335 2908 554 2984 Dercetis
580 2911 628 2980 in
652 2911 834 3003 piscem.

37 3026 46 3043 ’
141 3046 220 3122 Vsa.
234 3044 285 3120 44
300 3072 353 3142 sq.
381 3053 531 3141 (lapiton
563 3051 714 3120 nautia
728 3059 796 3132 eat,
829 3051 933 3133 dete,
959 3049 1079 3139 Baby·
1129 3108 1134 3115 .

501 3152 615 3236 losio,
643 3158 763 3223 narret

140 3258 280 3328 Derceti
304 3266 369 3325 etc.

190 3373 246 3444 De
259 3371 327 3443 hac
340 3372 462 3444 fabula
479 3372 661 3444 Diodorus
678 3368 872 3466 Siculus⁸“)
895 3368 1019 3442 scribit
1040 3368 1078 3437 in

89 3474 184 3548 hanc
205 3477 440 3548 sententiam:
475 3501 549 3549 esse
571 3477 667 3549 iuxta
690 3475 922 3556 Ascalonem,
956 3472 1079 3542 civita-

91 3593 162 3651 tem
178 3579 324 3673 Syriae,
352 3591 515 3671 stagnum
533 3579 688 3672 piscibus
705 3580 874 3671 plenum,
907 3599 948 3645 ac
966 3597 1079 3667 prope

90 3695 255 3773 stagnum
271 3680 408 3773 insigne
432 3682 606 3774 templum
622 3679 721 3749 Deae
734 3676 954 3760 Dercetidis,
989 3676 1080 3746 eius·

90 3808 161 3877 que
178 3783 408 3853 simulacrum
431 3783 481 3852 sic
501 3784 655 3852 effictum
682 3805 776 3865 esse,
810 3791 851 3849 ut
871 3778 1004 3847 referat
1028 3777 1081 3844 sa·

91 3883 199 3979 cie”)
222 3884 431 3965 mulierem,
458 3883 596 3977 reliqua
619 3893 721 3974 parte
745 3879 906 3972 corporis
927 3878 1080 3974 piscem;

90 3982 199 4055 huius
212 4008 300 4054 vero
317 4006 443 4054 causae
459 3978 553 4053 hanc
576 3984 719 4055 narrari
741 3983 916 4053 fabulam:
950 4005 1080 4074 nempe

90 4086 270 4158 Venerem
285 4087 481 4183 aliquando
497 4086 641 4157 obviam
657 4084 755 4155 Deae
776 4087 931 4169 factam,
957 4108 1080 4154 accen-

92 4190 185 4261 disse
203 4214 281 4260 eam
304 4214 429 4261 amore
451 4188 603 4263 formosi
627 4188 860 4260 adolescentis
882 4185 950 4259 sibi
973 4186 1081 4259 sacri-

92 4294 248 4373 bcantis;
274 4305 381 4388 atque
398 4318 440 4364 ex
458 4318 583 4366 eorum
605 4290 797 4363 concubitu
820 4288 929 4360 liliam
956 4302 1079 4359 natam

93 4421 186 4477 esse;
212 4394 327 4465 Deam
342 4397 397 4468 sui
414 4397 547 4469 erroris
559 4396 698 4489 pudore
713 4397 878 4479 ductam,
905 4393 1080 4464 amovisse

55 4508 63 4521 “
93 4500 374 4583 adolescentem,
415 4512 451 4569 et
481 4499 683 4591 exposuisse
712 4500 823 4568 filiam
850 4496 889 4566 in
913 4497 993 4567 loco
1020 4497 1080 4566 de-

91 4614 186 4671 serto
210 4613 245 4672 et
265 4624 413 4685 saxoso,
446 4626 482 4672 se
507 4626 593 4671 vero
616 4604 754 4693 pudore
780 4614 816 4670 et
835 4601 960 4670 dolore
984 4623 1080 4668 com·

90 4704 229 4795 pulsam
248 4704 413 4776 abiecisse
434 4706 474 4773 in
491 4717 676 4796 stagnum,
702 4716 810 4799 atque
826 4702 876 4771 ibi
891 4702 930 4770 in
946 4702 1079 4795 piscem

92 4828 168 4874 esse
184 4829 411 4879 conversam:
438 4803 532 4878 banc
550 4810 597 4878 ob
612 4828 755 4877 causam
778 4817 813 4875 et
827 4804 950 4898 Syrios
973 4804 1080 4875 absti-

90 4930 179 4976 nere
204 4909 357 4999 piscibus
377 4910 473 4984 illius
497 4911 635 5004 stagni,
667 4908 794 5005 utqui
823 4906 992 5001 pro'Diis
1016 4903 1080 4976 ha-

125 5176 174 5296 853
194 5178 252 5237 To]
270 5176 311 5228 sto
327 5178 413 5229 nutet.
435 5180 529 5245 1888,
553 5180 648 5245 18883
684 5180 764 5233 ovid
782 5179 833 5232 tt.
851 5177 958 5230 ttitsclt.
976 5178 1080 5233 Sacri·

172 5260 249 5313 epos.

125 5328 193 5395 85⁸)
214 5331 347 5392 sportae]
368 5329 410 5381 sto
427 5330 546 5396 rcrtpst;
577 5330 776 5394 nutet.1asa.,
797 5331 872 5384 raas.
894 5328 1035 5383 suranae.

124 5414 173 5479 88)
192 5416 306 5466 Dtodor.
326 5415 382 5466 Sic.
401 5415 530 5468 stottott.
549 5416 582 5466 ll.
600 5431 624 5469 c.
637 5420 663 5467 1,

125 5500 177 5561 87)
194 5501 282 5564 tacte]
301 5500 342 5554 sto
359 5501 550 5567 rottt.1oaa.;
571 5502 622 5555 ut.
639 5501 715 5554 1888.
734 5500 843 5555 leden.

406 296 497 372 XCI.
556 295 842 401 ENARRATIO
874 292 1006 366 LIBRI
1029 291 1091 369 lv.
1124 292 1601 368 METAMORPHOSEON
1635 291 1796 366 OVlDll.

2003 373 2006 377 ,
2040 290 2117 370 888

1133 468 1297 538 beantur.
1349 466 1446 536 Haec
1460 465 1659 537 Diodorus:
1687 465 1875 559 exquibus
1892 462 2120 537 manifestum

1134 583 1205 654 est,
1247 592 1321 640 esse
1351 570 1450 638 illam
1478 568 1759 640 Ascalonitarum
1784 566 1921 649 Deam,
1962 592 2055 661 quae
2081 569 2119 637 in

1008 692 1016 717 t
1133 673 1242 743 sacris
1263 672 1390 743 litteris
1413 671 1543 761 Dagon
1567 672 1779 762 appellatur.
1837 667 1931 740 Nam
1956 681 1992 737 et
2018 671 2121 743 divus

1133 774 1375 867 Hieronymus
1390 776 1527 858 asserit,
1553 773 1683 863 Dagon
1700 772 1771 843 dici
1786 770 1918 863 piscem
1933 774 2120 846 moeroris.

1132 874 1270 946 Eadem
1296 875 1389 945 dicta
1416 888 1468 946 est
1482 868 1660 966 Atergatls
1682 875 1801 964 lingua
1819 874 1985 966 Syriaca,
2018 877 2121 969 quasi

1132 978 1209 1048 sine
1227 978 1401 1071 piscibus,
1427 991 1467 1050 ut
1477 973 1684 1047 Athenaeus
1700 988 1806 1046 autor
1823 989 1894 1061 est,
1928 990 2120 1070 propterea

1132 1074 1462 1172 quod-abstinentia
1480 1079 1630 1169 piscium
1648 1079 1843 1149 colebatur.

1311 1259 1576 1332 Semiramis
1602 1261 1648 1330 in
1674 1262 1941 1335 columbam.

1181 1394 1243 1465 Vs.
1260 1391 1322 1466 47.
1348 1400 1407 1467 aa
1420 1400 1532 1489 magis
1544 1409 1581 1469 ot
1596 1402 1738 1487 sumptis
1755 1402 1849 1472 illius
1859 1400 1936 1488 filia
1947 1405 2081 1491 ponis.

1234 1514 1462 1600 Semiramis,
1487 1518 1718 1611 Assyriorum
1740 1519 1883 1609 regina,
1915 1522 2031 1590 fertur
2052 1545 2119 1589 nu-

1131 1614 1252 1685 tritaa
1275 1618 1469 1701 columbis,
1503 1622 1598 1688 unde
1619 1632 1654 1688 et
1670 1619 1815 1712 Syriaca
1838 1620 1960 1711 lingua
1984 1646 2120 1691 nomen

1131 1718 1396 1803 Semiramidis,
1420 1715 1489 1788 hoc
1506 1733 1580 1806 est,
1605 1722 1791 1792 columbae
1808 1723 1840 1792 ei
1864 1723 2018 1794 inditum
2040 1724 2119 1797 fuit.

1130 1821 1223 1893 Nam
1243 1848 1322 1892 cum
1340 1834 1430 1893 esset
1446 1846 1465 1889 a
1483 1836 1599 1891 matre
1627 1824 1785 1915 exposita
1809 1826 1846 1894 in
1870 1827 1950 1895 loco
1975 1828 2117 1897 deserto

1132 1923 1189 2018 (ut
1203 1924 1297 1994 idem
1313 1923 1551 2022 Diodorus⁸⁸)
1575 1926 1714 2022 scribit)
1738 1928 1923 1998 columbae
1943 1929 2118 1997 infantem

1132 2027 1197 2097 alis
1214 2029 1471 2113 confoverunt,
1495 2040 1530 2097 et
1545 2029 1730 2120 coagulato
1752 2029 1843 2100 lacte
1865 2055 1908 2100 ex
1931 2043 2117 2122 pastorum

1130 2130 1332 2222 mapalibus
1354 2141 1539 2221 surrepto,
1574 2132 1815 2204 nutriverunt.
1878 2130 1920 2201 ln
1938 2132 2044 2225 ,cuius
2063 2132 2119 2202 rei

1130 2233 1366 2319 memoriam,
1417 2231 1611 2327 Babylonii
1642 2233 1827 2319 columba,
1878 2247 1920 2304 ut
1958 2232 2118 2303 Romani

1131 2334 1272 2428 aquila,
1296 2335 1353 2405 usi
1371 2349 1466 2406 sunt.
1525 2333 1602 2404 Hac
1623 2334 1734 2426 igitur
1758 2336 1943 2408 occasione
1968 2337 2117 2406 conficta

1131 2448 1183 2505 est
1198 2435 1318 2504 tabula
1333 2437 1379 2503 de
1393 2437 1639 2507 Semiramidis
1656 2439 1972 2508 transformatione
1997 2439 2035 2506 in
2059 2463 2118 2507 co-

1130 2537 1309 2615 lumbam;
1335 2536 1442 2608 luisse
1456 2549 1576 2606 autem
1595 2538 1796 2610 columbani
1810 2541 1947 2632 insigne
1962 2539 2118 2633 Babylo·

1131 2637 1296 2722 niorum,
1321 2650 1420 2730 patet
1437 2664 1478 2708 ex
1493 2638 1674 2708 Hieremia
1684 2641 1731 2737 ⁸⁰)
1746 2640 1943 2735 propheta,
1970 2645 2032 2736 qui
2055 2641 2119 2712 ubi

1131 2740 1307 2832 praedicit
1315 2740 1537 2833 Babylonios
1551 2754 1752 2814 vastaturos
1766 2743 1952 2816 ludaeam:
1978 2744 2119 2837 Fugite,

1131 2843 1269 2937 inquit,
1296 2827 1422 2914 alacie
1440 2832 1550 2935 gladii
1567 2844 1766 2916 columbae.

1374 3032 1591 3126 Pyramus
1617 3047 1659 3105 et
1686 3029 1868 3104 Thisbe.

1181 3165 1244 3240 Vs.
1262 3162 1325 3241 66.
1364 3174 1536 3263 Quotus
1561 3181 1595 3242 et
1619 3172 1762 3255 Thisbe,
1806 3166 2010 3265 quoruffl)
2038 3169 2119 3257 W·
2181 3275 2189 3287 .
2251 3168 2256 3177 ι

1546 3275 1733 3346 cherrimus
1750 3274 1850 3343 alter.

1232 3388 1448 3483 Exemplum
1466 3390 1616 3485 Pyrami
1639 3417 1680 3462 ac
1703 3388 1855 3463 Thisbes
1876 3393 1999 3475 docet,
2033 3411 2120 3484 qua·

1130 3492 1202 3562 lem
1217 3492 1312 3562 vitae
1327 3494 1460 3563 exitum
1476 3495 1693 3577 sortiantur,
1718 3519 1847 3586 nempe
1862 3494 2000 3564 tristem
2015 3504 2050 3560 et
2064 3494 2120 3559 in·

1130 3592 1288 3677 felicem,
1316 3595 1378 3688 qui
1392 3595 1536 3665 illicitos
1558 3620 1641 3666 suos
1663 3619 1803 3665 amores
1828 3595 1969 3663 caritati
1989 3615 2120 3684 paren·

1132 3708 1208 3763 tum
1233 3697 1454 3764 anteferunt:
1499 3695 1608 3790 idque
1635 3698 1836 3787 exemplum
1867 3719 1939 3789 quo
1967 3693 2013 3764 sit
2034 3693 2120 3763 ittu-

1132 3795 1258 3879 strius,
1285 3818 1326 3864 ac
1341 3795 1512 3866 iuvenum
1535 3797 1665 3868 animis
1687 3796 1903 3881 inculcetur,
1936 3807 2042 3887 poeta
2066 3796 2120 3865 fa-

1131 3898 1253 3967 bulam
1271 3913 1422 3967 exornat
1436 3912 1535 3968 tanta
1553 3900 1745 3969 affectuum
1765 3914 1801 3970 et
1821 3901 2018 3990 figurarum
2038 3920 2119 3969 sua-

1131 4001 1262 4085 vitate,
1287 4000 1348 4070 vix
1362 4013 1403 4071 ut
1416 4002 1528 4094 possit
1544 4003 1735 4096 quicquam
1752 4000 1946 4093 excogitari
1964 3999 2121 4072 suavius.

1131 4101 1260 4175 lnserit
1276 4104 1496 4175 miserabiles
1512 4107 1675 4199 querelas
1689 4104 1883 4175 infelicium
1906 4102 2120 4187 amantium,

1133 4220 1168 4277 et
1184 4208 1327 4278 crebras
1342 4207 1518 4278 sermonis
1535 4208 1804 4279 conversiones:
1828 4231 1924 4277 nunc
1939 4208 1985 4277 ad
2000 4205 2120 4299 parie-

1132 4323 1225 4395 tem,
1250 4335 1329 4380 cum
1349 4335 1435 4404 quo,
1461 4311 1609 4401 perinde
1625 4312 1727 4406 quasi
1742 4311 1929 4402 intelligat,
1954 4320 2119 4401 expostu-

1131 4414 1224 4493 lant;
1251 4437 1347 4483 nunc
1367 4414 1412 4481 ad
1427 4413 1540 4498 feras,
1565 4414 1734 4508 aquibus
1760 4415 1850 4483 alter
1873 4425 1974 4505 optat
1997 4408 2119 4480 afferri

1132 4516 1200 4586 sibi
1221 4515 1404 4585 interitum
1429 4529 1578 4608 propter
1598 4517 1883 4609 magnitudinem
1912 4514 2047 4583 doloris
2076 4535 2120 4582 ex

1132 4618 1278 4691 alterius
1293 4641 1379 4688 nece
1395 4619 1546 4711 accepti;
1572 4642 1669 4689 nunc
1684 4621 1731 4689 ad
1746 4632 1924 4712 parentes,
1950 4641 1971 4684 a
1989 4613 2119 4708 quihus

1132 4722 1287 4793 officium
1310 4721 1505 4813 sepeliendi
1526 4721 1782 4817 flagitatur⁹¹);
1822 4743 1919 4790 nunc
1943 4719 1990 4786 ad
2012 4716 2120 4785 arbo·

1131 4850 1229 4908 rem,
1254 4849 1361 4918 quam
1381 4821 1514 4896 Thisbe
1539 4824 1735 4920 alloquitur
1757 4821 1905 4891 iamiam
1926 4818 2118 4903 moritura,

1132 4942 1168 5001 et
1183 4940 1362 5023 precatur,
1374 4939 1416 4998 ut
1429 4940 1603 5022 perpetuo
1614 4938 1730 5000 servet
1744 4925 1877 5018 gemini
1892 4922 2115 4993 monimenta

1166 5177 1215 5245 88)
1232 5179 1345 5231 Dtodor.
1366 5179 1419 5231 stc.
1437 5180 1456 5229 Ι.
1476 5178 1494 5228 t.

1166 5266 1215 5332 88)
1234 5266 1330 5317 terem.
1349 5267 1394 5334 18,
1413 5265 1455 5315 ts.

1164 5356 1213 5415 88)
1232 5354 1370 5419 quorum]
1389 5348 1641 5415 stastatuta,
1664 5350 1757 5412 1888.;
1781 5347 1860 5403 oeta
1872 5349 1923 5403 ltu.
1941 5347 2050 5400 uttam.
2069 5347 2121 5401 tat·

1201 5434 1314 5474 oenum.
1517 5440 1524 5453 x

1166 5508 1214 5568 81)
1232 5500 1387 5571 ttsgttetur]
1407 5504 1449 5556 sic
1465 5505 1551 5560 utta.
1567 5506 1660 5565 tibba
1683 5505 1732 5557 tta.
1749 5505 1823 5557 1888.
1843 5505 1929 5557 nato:
1947 5499 2120 5568 ornantur.
