4762 6008
126 279 204 375 555
581 275 800 351 5555555515.
850 271 1136 349 annumero
1170 269 1454 347 5555555555
1486 269 1694 346 55555555.
2078 286 2155 359 556

229 448 290 520 Vs.
313 447 374 520 69.
415 452 579 540 usqum
607 441 760 547 1551555]
793 447 929 531 idest,
963 467 1044 516 sero
1065 456 1118 514 est
1170 457 1241 541 551,
1267 437 1433 513 1555515155
1455 455 1624 528 aestates,
1647 444 1782 515 scilicet
1803 461 1885 518 ante
1908 448 2156 523 florescentem
2276 506 2282 513 .

129 552 305 621 arandum
328 551 460 642 pingue
486 552 621 635 solum,
646 550 684 621 id
708 563 759 621 est
774 547 827 645 ⁸),
863 548 902 619 in
924 571 1029 631 vere,
1053 546 1117 616 das
1168 556 1333 637 segetem.
1398 542 1462 615 Est
1490 546 1679 642 antiquum
1708 546 1863 635 dictum,
1906 554 2005 646 quod
2033 565 2155 625 tamen

128 647 229 723 nicht
242 653 492 723 vielUnkraut
508 653 652 723 darauli
665 648 822 723 wachse.
856 650 985 722 Sterile
999 649 1116 721 solum
1168 648 1380 741 plerumque
1402 671 1527 719 verum
1557 661 1629 741 est,
1657 650 1713 727 ,de
1735 651 1813 722 solo
1832 653 1960 744 pingui
1981 668 2016 725 et
2038 650 2157 727 humi-

128 779 205 825 non
236 778 341 846 saepe
373 766 425 825 est
452 756 647 839 arandum,
679 779 726 825 ne
748 751 888 825 exhalet
910 765 947 824 et
972 773 1117 842 exsuga-
1169 748 1264 820 diori
1294 747 1468 820 siccitates
1499 773 1575 819 non
1605 750 1734 821 afferre
1766 752 1949 825 caritatem
1978 781 2157 831 annonae.

130 855 247 939 tur⁸¹)
270 856 329 925 ille
345 852 488 926 humor.
1169 850 1258 921 Tale
1272 851 1390 921 solum
1406 863 1458 922 est
1471 847 1752 945 Thuringicum,
1777 856 1834 926 cui
1850 857 2005 928 maxime
2024 872 2158 930 nocent

231 956 293 1029 Vs.
318 958 379 1031 71.
413 960 567 1032 Alternia
600 956 723 1057 115555]
759 958 938 1051 Quartum
973 976 1116 1049 praece·
1169 949 1410 1024 humiditates.

128 1073 232 1153 ptum
257 1060 302 1129 de
326 1059 523 1132 intervallis
544 1058 780 1132 concedendis
799 1061 888 1131 solo.
940 1057 1041 1129 Adeo
1057 1080 1117 1125 ve·
1269 1054 1331 1126 Vs.
1358 1055 1443 1125 101.
1485 1058 1645 1146 11515555
1664 1054 1815 1157 pulvere]
1855 1059 1892 1130 id
1920 1074 1991 1146 est,
2031 1086 2157 1133 serena

129 1184 212 1233 rum
228 1173 280 1233 est
295 1162 403 1232 etiam
424 1162 469 1232 de
487 1164 594 1236 rebus
617 1162 835 1233 inanimatis.
887 1160 996 1257 Quod
1021 1168 1117 1228 caret
1168 1154 1309 1252 hyeme.

131 1264 270 1333 alterna
287 1263 432 1358 requie,
455 1266 619 1336 durabile
636 1289 711 1336 non
729 1277 801 1347 est,
827 1263 933 1360 quia,
968 1262 1114 1357 qnando
1270 1256 1331 1329 Vs.
1356 1259 1439 1333 102.
1480 1255 1632 1357 Moesia]
1668 1260 1705 1330 id
1729 1276 1800 1346 est,
1840 1263 1977 1336 Moesia
2004 1290 2079 1336 non
2104 1281 2158 1339 est

130 1389 206 1436 uno
224 1388 319 1434 anno
333 1365 401 1436 suit
416 1365 598 1436 vindemia
613 1392 675 1438 seu
689 1367 812 1438 messis
832 1365 999 1449 uberior,
1031 1375 1117 1434 tunc
1167 1358 1381 1432 foecundior
1405 1381 1514 1455 quam
1536 1375 1700 1433 nostrum
1723 1365 1861 1452 solum,
1902 1392 1983 1438 cum
2009 1365 2157 1463 hyemes

131 1468 244 1536 altero
266 1490 363 1537 anno
386 1479 438 1538 est
461 1469 621 1553 tenuior,
657 1468 820 1564 quamvis
855 1480 909 1540 cst
934 1461 1116 1537 exhausta.
1169 1476 1252 1536 sunt
1267 1461 1396 1535 sereni.
1447 1461 1585 1535 Moesia
1603 1464 1688 1533 olim
1706 1464 1842 1559 Mysia,
1868 1493 1951 1559 pars
1965 1466 2157 1564 Phrygiae,

129 1566 195 1637 llla
211 1568 333 1638 omnia
351 1593 431 1639 cum
447 1583 521 1640 tam
537 1585 633 1641 certo
653 1571 817 1640 ordinata
833 1568 957 1640 sintin
973 1580 1117 1652 natura,
1169 1568 1265 1638 unde
1282 1564 1379 1658 Mysi
1395 1563 1513 1656 primo
1530 1566 1799 1639 vicinifuerunt
1816 1564 2029 1663 Phrygibus.
2079 1570 2156 1644 lam

78 1742 82 1747 ,
131 1683 215 1741 sunt
233 1671 436 1741 testimonia
455 1675 500 1743 ab
517 1687 661 1743 aeterna
686 1674 806 1768 aliqua
828 1683 946 1744 mente
971 1669 1115 1740 condita
1169 1680 1295 1739 tenent
1318 1667 1396 1751 loca
1419 1665 1537 1736 vicina
1557 1667 1682 1754 Dacis,
1708 1670 1746 1739 id
1769 1684 1840 1755 est,
1866 1675 1936 1742 den
1952 1671 2157 1747 Walachen

132 1794 205 1842 esse
224 1783 258 1840 et
276 1773 480 1862 gubernari.
575 1768 745 1870 Novales]
769 1772 924 1845 Novales
938 1769 996 1843 bie
1012 1794 1117 1863 gene·
1169 1772 1245 1841 und
1267 1770 1576 1860 Siebenburgern,
1617 1771 1681 1842 uhi
1703 1796 1801 1843 nune
1821 1773 1945 1845 Servia
1971 1791 2033 1848 est.
2103 1776 2158 1847 Ex

131 1873 256 1943 raliter
275 1874 476 1964 significant
500 1899 622 1967 agros,
649 1876 713 1971 qui
735 1873 940 1947 habuerunt
961 1872 1117 1943 vacatio-
1168 1873 1240 1943 illis
1262 1870 1351 1941 locis
1379 1872 1417 1939 in
1438 1870 1672 1943 Germaniam
1695 1890 1889 1961 venerunt,
1930 1881 2025 1950 unde
2048 1874 2156 1950 hodie

130 1999 227 2048 nem.
291 1974 438 2070 Alioqui
460 1976 498 2045 in
522 1978 657 2069 legibus
685 1991 862 2049 vocantur
892 1976 970 2069 agri
994 1999 1117 2046 recens
1171 1996 1317 2070 quoque
1333 1995 1416 2065 pars
1440 1977 1615 2069 quaedam
1631 1976 1797 2070 Meyssen
1814 1991 1974 2051 vocatur.

130 2077 216 2147 facti
239 2099 281 2145 ex
302 2078 444 2148 incultis
469 2092 504 2148 et
525 2075 789 2152 horridioribus
809 2080 916 2163 locis,
941 2076 1036 2151 New
1058 2101 1117 2170 ge·
1271 2072 1333 2147 Vs.
1352 2075 1436 2145 108.
1462 2073 1641 2174 6551955555]
1669 2077 1853 2171 Oppidum
1870 2077 2063 2175 Phrygiae.

132 2182 248 2251 teudi·
364 2177 514 2280 Tomos]
540 2182 690 2268 scilicet,
716 2197 798 2275 post
816 2207 979 2254 messem.
1271 2176 1333 2247 Vs.
1344 2175 1429 2247 104.
1454 2181 1544 2263 Quia
1555 2176 1688 2278 dicam]
1705 2181 1849 2253 Sextum
1866 2195 2095 2276 praeceptum
2112 2186 2157 2254 de

236 2279 374 2354 11572.
399 2288 544 2373 segnem
557 2286 726 2378 campum]
740 2285 776 2354 id
792 2298 856 2368 est,
873 2284 1116 2374 defatigatum.
1170 2279 1406 2371 rigationibus
1420 2303 1601 2370 agrorum.

133 2382 257 2476 Aliqui
276 2395 435 2452 tenacem
453 2398 649 2475 exponunt.
751 2389 848 2478 Situ]
869 2385 905 2453 id
921 2397 991 2467 est,
1013 2408 1119 2477 squa-
1270 2375 1434 2451 Vs.105.
1455 2384 1553 2452 Male
1567 2384 1723 2485 pinguis]
1750 2387 1787 2457 id
1803 2399 1855 2457 est
1871 2386 1954 2458 sicci
1984 2389 2060 2479 agri
2083 2413 2158 2459 non

133 2487 231 2564 lore;
258 2495 310 2553 est
324 2484 384 2552 illa
399 2485 601 2576 pinguedo,
622 2508 693 2580 qua
706 2486 934 2556 obducuntur
947 2509 1005 2555 res
1020 2485 1120 2577 quie-
1172 2480 1316 2549 arenosi
1330 2481 1410 2550 soli.

135 2597 283 2659 scentes.
1272 2580 1333 2650 Vs.
1358 2582 1442 2651 108.
1467 2587 1674 2678 supercilio]
1700 2587 1736 2655 id
1761 2602 1833 2673 est,
1859 2614 1901 2660 ex
1926 2592 2015 2660 colle
2036 2591 2159 2685 aliquo

237 2684 299 2756 Vs.
316 2686 377 2761 78.
404 2690 590 2782 dustodi‘]
613 2687 737 2771 idest,
764 2700 827 2758 aut
846 2710 916 2782 qua
942 2691 1045 2759 cedas
1065 2687 1120 2755 in·
1173 2695 1208 2752 et
1242 2682 1320 2751 loeo
1356 2682 1516 2753 editiore.
1582 2687 1649 2757 Hie
1682 2712 1761 2762 mos
1794 2693 1935 2783 rigandi
1968 2688 2159 2786 praecipu'e'

136 2788 284 2860 tetvalla
303 2803 366 2858 aut
383 2791 537 2861 mutabis
558 2790 707 2860 semina.
809 2786 968 2888 Mutato]
996 2790 1121 2870 idest,
1173 2786 1270 2878 apud
1294 2807 1360 2854 nos
1387 2784 1424 2851 in
1446 2786 1558 2875 pratis
1585 2802 1759 2861 servatur.
1818 2795 1910 2864 Sunt
1931 2810 2051 2867 autem
2075 2793 2160 2865 facti

133 2903 217 2985 post
239 2914 386 2963 aunum.
505 2894 610 2964 Flava
628 2886 755 2988 sarra]
790 2890 951 2962 Rocken.
1009 2890 1121 2961 Triti·
1173 2886 1324 2969 alveoli,
1346 2897 1386 2954 ut
1402 2886 1480 2977 agri
1498 2888 1553 2955 vel
1567 2902 1669 2981 prata
1685 2891 1824 2980 possint
1843 2895 1974 2986 rigari,
2000 2922 2079 2968 eum
2095 2896 2161 2967 sic·

135 3019 216 3064 cum
233 3005 420 3086 weytzen,
446 3019 665 3090 quamquam
683 3008 735 3067 est
749 3018 860 3086 genus
877 2997 923 3064 ad
938 2992 1068 3064 robum
1087 3004 1121 3062 et
1175 3014 1236 3059 cae
1265 2987 1405 3056 fuerint
1435 3000 1688 3081 tempestates,
1731 3006 1766 3062 et
1805 3019 1957 3080 rursus,
2002 2996 2163 3069 sinimis

134 3095 325 3187 siliginem.
1175 3088 1343 3163 humidae
1359 3089 1511 3174 luerint,
1539 3095 1652 3165 educi.

236 3195 298 3268 Vs.
313 3194 373 3266 74.
400 3197 553 3291 Siliquo]
573 3194 711 3271 hulsen.
1275 3188 1336 3262 Vs.
1348 3192 1431 3263 111.
1454 3196 1507 3263 Ne
1517 3192 1692 3294 providis]
1707 3194 1906 3290 Septimum
1919 3212 2162 3293 praeceptum,

238 3298 299 3369 Vs.
308 3295 368 3369 75.
389 3294 521 3397 Weiss]
538 3301 693 3370 wicken.
751 3297 901 3398 Lupini]
917 3301 1122 3393 leytbonen.
1175 3295 1372 3364 cavendum
1389 3303 1474 3378 es‘se,
1499 3321 1544 3366 ne
1561 3298 1670 3369 culmi
1684 3299 1837 3371 nimium
1850 3300 2045 3387 luxurient,
2065 3300 2164 3396 quia,

236 3400 297 3472 Vs.
315 3401 376 3472 77.
406 3394 500 3497 11511]
526 3404 641 3486 idest,
666 3406 844 3474 consumit
859 3399 1121 3473 humiditatem.
1176 3397 1321 3491 quando
1344 3408 1428 3466 sunt
1444 3397 1552 3469 nimis
1571 3400 1690 3492 magni
1707 3402 1833 3488 culmi,
1859 3416 1945 3474 tunc
1959 3416 2072 3474 totam
2089 3403 2161 3473 vim

237 3503 298 3574 Vs.
321 3500 383 3575 84.
415 3508 525 3595 Saepe
551 3500 676 3603 etiam]
711 3505 821 3576 Fiunt
842 3504 942 3598 ignes
961 3504 1000 3574 in
1015 3504 1122 3595 agris,
1176 3510 1291 3568 terrae
1309 3515 1542 3586 consumunt,
1568 3516 1602 3572 et
1620 3503 1748 3573 aristae
1763 3504 1855 3575 liunt
1869 3505 2061 3576 tenuiores.

135 3606 192 3674 vel
207 3619 248 3676 ut
271 3607 480 3698 aperiantur
505 3633 678 3679 venarum
703 3624 859 3692 meatus,
889 3608 1003 3678 velut
1022 3631 1122 3677 55555-
1275 3596 1441 3669 vs.114.
1469 3605 1646 3674 0511551555
1661 3602 1852 3702 humorem]
1870 3605 1908 3673 id
1925 3620 1996 3690 est,
2022 3605 2163 3675 deducit

135 3708 196 3778 det
209 3707 346 3779 inutilis
359 3704 502 3780 humor,
1176 3699 1277 3767 alveo
1293 3694 1503 3784 humorem,
1530 3705 1592 3795 qui
1608 3704 1748 3773 influxit
1761 3704 1799 3772 in
1816 3729 1962 3795 agrum,
1987 3718 2162 3778 555515555-

235 3810 297 3880 Vs.
313 3808 375 3881 90.
400 3807 643 3907 spiramenta]
671 3810 708 3879 id
724 3822 789 3892 555,
804 3820 953 3877 meatus.
1049 3810 1124 3876 No-
1176 3799 1272 3889 guter
1287 3812 1431 3887 segetes.

134 3906 352 4013 5555515151]
380 3911 416 3980 id
440 3923 512 3994 est,
535 3926 576 3982 ut
598 3910 711 4005 possit
733 3908 911 3981 destillare
934 3908 1046 3977 udum
1074 3908 1124 3977 la·
1275 3897 1336 3968 Vs.
1358 3900 1440 3971 118.
1472 3906 1545 3972 Ν55
1571 3898 1703 4000 tomen]
1728 3902 1905 3976 Octavum
1931 3921 2161 4000 praeceptum

135 4018 207 4087 tius
225 4014 263 4082 in
279 4024 417 4084 meatus
432 4025 561 4084 terrae.
1177 4002 1220 4070 <le
1242 4000 1480 4072 incommodis
1504 4027 1694 4094 agrorum,
1720 4006 1811 4080 sicut
1834 4008 1961 4081 videtis
1979 4006 2048 4080 1555
2065 4033 2161 4081 anno

240 4114 301 4187 Vs.
320 4114 382 4187 98.
414 4110 567 4213 Boreae]
601 4111 768 4206 Spirante
795 4110 934 4196 Borea,
978 4112 1123 4205 quando
1177 4127 1282 4195 agros
1310 4106 1412 4199 quasi
1439 4105 1612 4175 industria
1641 4108 1819 4198 perfossos
1847 4134 1922 4183 esse
1945 4135 1966 4180 a
1989 4111 2163 4184 muribus.

136 4233 232 4291 terra
248 4244 323 4289 non
340 4231 392 4290 est
408 4229 499 4288 tecta
515 4218 618 4300 nive,
643 4228 728 4285 tunc
745 4227 897 4307 pereunt
912 4225 1000 4285 sata.
1176 4202 1309 4301 Estque
1334 4205 1432 4277 locus
1454 4206 1654 4279 communis
1678 4211 1722 4281 de
1742 4212 1949 4284 difficultate
1971 4214 2164 4306 agricultu·
2261 4289 2269 4305 ,

239 4323 301 4396 Vs.
317 4319 379 4393 94.
404 4317 564 4419 11551515]
589 4320 714 4402 idest,
738 4316 929 4409 ligonibus.
1178 4332 1239 4377 rae
1259 4321 1294 4377 51
1312 4308 1482 4379 cultuum.

239 4425 301 4497 vg,
314 4420 376 4496 95,
403 4418 540 4521 pragu]
567 4420 678 4514 Egffi
1278 4408 1339 4481 Vs.
1357 4411 1440 4485 120.
1467 4407 1829 4509 lntyta.]1ntybum,
1853 4412 2076 4500 cichoreum,
2102 4440 2162 4486 en·
2250 4494 2254 4501 ,

187 4527 249 4601 vs,
266 4527 327 4598 97,
354 4530 482 4620 TW]
508 4526 543 4593 id
558 4536 631 4608 231,
653 4519 817 4593 humum,
1178 4509 1274 4578 divia
1305 4515 1453 4581 eandem
1478 4507 1627 4583 herbam
1659 4515 1879 4607 significant,
1910 4519 2009 4590 cuius
2032 4541 2160 4608 magna

40 4704 44 4712 .
242 4629 303 4704 vg,
325 4629 387 4701 98,
416 4633 549 4700 pm,
571 4631 610 4699 3„
633 4627 829 4720 deppam]
863 4621 899 4692 id
924 4635 998 4706 est,
1031 4615 1125 4690 nach
1178 4614 1372 4684 admodum
1394 4614 1447 4685 vis
1466 4627 1518 4685 est
1535 4615 1573 4684 in
1587 4616 1931 4691 inflammationibus
1945 4632 1981 4689 et
1993 4617 2162 4689 febribus.

139 4734 204 4802 der
217 4735 320 4826 lenge
338 4733 413 4803 und
429 4730 534 4803 breis,
839 4720 843 4731 '
1177 4713 1249 4784 Sed
1278 4715 1375 4786 aliud
1405 4710 1577 4811 quiddam
1609 4731 1661 4790 est
1690 4715 1946 4812 heliotropium
1970 4743 2033 4789 seu
2055 4718 2162 4790 solse-

239 4834 406 4907 Vs.100.
440 4834 592 4907 Humida
623 4829 785 4921 5515111155]
818 4825 993 4919 Quintum
1020 4846 1125 4917 prae·
1179 4816 1323 4911 quium,
1358 4821 1454 4913 quod
1477 4844 1514 4890 se
1540 4844 1621 4890 cum
1644 4820 1718 4891 sole
1742 4820 2003 4902 circumvertit,
2028 4830 2065 4888 et
2084 4842 2163 4890 cae-

141 4947 284 5026 eeptum
306 4938 349 5006 de
365 4935 645 5029 tempestatibus.
726 4933 877 5004 1155551515
896 4920 1125 5023 551511115]151
1178 4919 1316 4990 ruleum
1338 4917 1604 4992 11555551551551.
1654 4919 1745 4993 lllud
1760 4917 2017 5012 heliotropium
2033 4919 2163 4992 medici

141 5107 349 5124 .--.....
1177 5014 1286 5091 hodie
1315 5035 1445 5093 vocant
1478 5017 1700 5107 cichoreum,
1731 5022 1830 5118 quod
1850 5023 1968 5114 ipsum
1992 5021 2100 5093 ctiam
2122 5022 2161 5092 in

1176 5122 1334 5196 febribus
1363 5120 1526 5195 adhiberi
1553 5122 1663 5207 solet,
1694 5134 1730 5194 et
1756 5134 1944 5216 cognatam
1966 5125 2160 5196 admodum

174 5200 332 5332 ”32:23
349 5202 458 5333 {5¹33
479 5196 508 5246 ¹⁴
531 5198 609 5263 ω’]
632 5193 675 5246 ¹¹⁰
697 5192 817 5258 ’ΨΜ
846 5192 895 5244 Μ’
910 5193 988 5246 Μ’
1011 5191 1126 5257 Μ’·
1177 5238 1344 5297 naturam
1363 5225 1525 5295 endiviae
1540 5219 1659 5296 habet.

176 5370 229 5429 ⁸¹)
246 5370 413 5435 uermes
430 5365 473 5418 555
489 5364 610 5429 seuseu
625 5362 677 5415 555
691 5362 765 5415 5555
785 5362 937 5414 mm.
1278 5326 1440 5400 115121.
1475 5320 1621 5425 17551555]
1647 5324 1725 5398 1155
1744 5325 1831 5397 dicit
1853 5339 2002 5423 propter
2023 5326 2164 5421 intyba,

177 5468 209 5537 5)
227 5469 297 5537 m]
308 5468 352 5525 ,5,
367 5470 419 5523 lt.
434 5468 523 5533 ms„
539 5466 591 5522 u,
608 5464 746 5531 πω,
764 5463 812 5517 tec.
1178 5428 1263 5522 quia
1277 5428 1362 5498 lolia
1380 5427 1535 5501 reddunt
1549 5452 1718 5523 magnam
1732 5432 1912 5503 umbram.
