4762 6008
489 125 673 201 LXXVIII.
724 123 1013 198 EIIPLICATIO
1044 122 1426 197 SENTENTIARUM
1461 126 1764 202 THEOGNIDIS.

2086 129 2136 201 58

726 296 780 348 Sed
799 294 867 347 solla
884 294 912 344 ln
930 293 1014 346 cedri
1030 295 1179 344 amantor
1196 294 1320 347 meroldo
1337 295 1433 362 oletis,

827 364 868 413 Ne
885 364 1004 423 pereant
1021 362 1117 412 asevis
1136 362 1188 411 tlte
1205 363 1253 412 vet
1271 362 1320 413 lttr
1340 365 1445 420 nothta.

724 434 762 484 nt
779 431 824 481 sol
840 429 965 480 Iustitiae
983 441 1086 483 vernos
1104 442 1165 480 oum
1181 431 1305 492 proteret
1323 436 1420 495 ortus,

790 505 793 511 ·
828 498 897 549 Flos
916 498 999 547 etiem
1015 496 1121 548 virtutes
1138 498 1263 560 proteret
1280 499 1330 551 Ille
1347 512 1451 558 eonas.

724 564 921 629 spirantesque
938 576 1021 615 roser
1039 567 1118 615 terre
1134 565 1266 618 diffundet
1282 567 1312 618 tn
1330 569 1410 633 ulos,

826 636 863 684 nt
880 633 967 684 attide
985 631 1089 684 curtati
1107 635 1232 696 tempora
1248 637 1317 687 tore
1334 639 1418 701 teget.

724 701 805 754 Sicco
838 704 930 752 tumen
947 701 1028 751 radix
1044 711 1134 763 parva
1151 703 1325 766 componitur
1342 717 1423 769 urnr,

826 771 888 831 Qus
903 769 975 832 lepte
994 782 1028 819 ex
1045 767 1106 832 ipso
1124 769 1234 821 nomine
1250 783 1361 824 cernon
1378 775 1467 825 tabet.

723 838 811 888 τοττι
828 837 869 886 tut
887 837 1036 900 quondam,
1059 835 1158 902 nigrae
1173 851 1241 902 gero
1260 841 1371 893 nomina
1388 845 1498 907 terrra,

720 967 724 975 Ι
823 905 855 955 In
874 903 1093 970 terrentem,
1119 905 1163 956 uio
1180 907 1260 976 nhil,
1287 910 1379 975 quelle
1396 922 1481 964 erann

1620 982 1754 1034 lohannes
1772 982 1863 1035 ttolor
1882 984 1914 1034 D.

981 1188 1253 1201 ——u-m

455 1394 851 1494 nxrntcnuto
871 1398 1364 1476 SENTENTIARUM
1397 1398 1777 1477 rfluouttmls

294 1531 392 1590 rna
423 1530 716 1593 saturarum
748 1534 1162 1598 manauraonnna
1191 1536 1243 1594 τΝ
1274 1533 1480 1596 senona
1514 1534 1944 1596 W1rannnanusr.

204 1714 307 1785 Scitis
323 1726 442 1785 extare
467 1716 627 1788 libellum
644 1718 785 1804 Basilii,
811 1724 994 1815 quomodo
1017 1723 1089 1793 sint

100 1816 241 1905 legendi
265 1812 396 1886 ethnici
419 1818 660 1916 scriptores¹).
725 1820 771 1892 Bt
793 1823 921 1893 similia
945 1824 1088 1917 scripta,

75 1984 82 1997 ,
102 1931 137 1986 et
150 1919 282 1988 multae
301 1919 557 2010 disputationes
583 1921 698 1992 editae
720 1936 803 1993 sunt
823 1940 947 1995 contra
973 1922 1088 1995 ethni-

101 2043 171 2089 cos.
223 2018 341 2089 Etiam
357 2016 489 2091 ethnici
507 2025 685 2114 exagitant
698 2026 906 2115 religionem
918 2024 1088 2098 Christia-

99 2143 204 2205 nam,
232 2123 314 2216 qnia
338 2124 465 2193 similia
488 2138 678 2218 praecepta
701 2140 736 2196 et
757 2128 869 2213 dicta,
901 2130 1086 2199 ueletiam

99 2223 248 2292 meliora
265 2226 453 2294 tradantur
470 2227 514 2292 ab
531 2224 698 2299 ethnicis:
711 2228 811 2322 'ergo
828 2256 903 2301 non
928 2256 1001 2302 esse
1024 2254 1087 2301 an-

97 2326 317 2395 teferendam
357 2328 567 2416 sapientiam
611 2324 851 2400 Christianam
893 2333 1087 2424 sapientiae

98 2421 272 2495 ethnicae.
323 2425 388 2496 Est
402 2427 549 2514 longum
565 2428 734 2496 volumen
758 2433 853 2518 apud
869 2431 1087 2499 Clementem

96 2529 142 2596 de
158 2527 226 2595 ista
242 2523 357 2616 ren).

434 2640 491 2711 stc·
513 2655 755 2729 argumentor.

147 2758 211 2829 Illa
227 2757 400 2850 sapientia
419 2771 471 2828 est
492 2757 633 2841 divina,
668 2771 702 2829 et
724 2760 783 2830 illa
809 2761 936 2854 religio
960 2777 1012 2834 est
1035 2765 1087 2834 di-

198 2860 301 2944 vina,
328 2884 420 2953 quae
436 2854 544 2929 hahet
561 2855 828 2934 honestissimas
843 2865 1050 2945 sententias;

148 2958 217 3051 Sed
232 2961 358 3052 religio
372 2957 512 3030 ethnica
526 2957 636 3031 habet
657 2948 924 3037 honestissimas
947 2981 1087 3037 senten-

201 3062 289 3134 tias:

147 3161 243 3256 Ergo
261 3174 314 3235 est
328 3164 452 3234 divina
473 3178 539 3237 etc.

195 3283 411 3375 Respondeo
428 3284 473 3353 ad
491 3282 690 3354 Minorem:
719 3284 898 3357 Concedo.
933 3283 1084 3356 Ethnica

96 3385 222 3477 religio
242 3380 352 3455 habet
372 3380 640 3458 honestissimas
661 3388 864 3460 sententias.
916 3389 985 3459 Sed
1003 3413 1086 3458 con·

95 3487 193 3580 gruit
207 3512 286 3558 eum
310 3511 393 3557 vera
415 3487 609 3580 religione,
642 3489 729 3560 ubi?
780 3488 819 3558 In
844 3491 1005 3559 doctrina
1019 3487 1086 3559 Le-

95 3591 167 3683 gis,
193 3600 364 3683 quantum
381 3603 513 3681 potest:
543 3615 623 3660 cum
645 3591 780 3684 optima
801 3604 871 3676 est,
901 3605 976 3662 tum
1002 3615 1086 3661 con-

95 3692 192 3785 gruit
220 3691 258 3759 in
290 3690 452 3760 doctrina
476 3690 597 3783 Legis:
641 3717 861 3788 qtramquam
890 3707 1011 3783 postea
1047 3693 1084 3759 in

94 3789 245 3865 ethnicis
271 3793 432 3864 moribus
465 3808 500 3862 et
528 3794 663 3884 legibus
695 3819 834 3885 semper
857 3794 925 3864 fuit
949 3791 1086 3882 aliquid

92 3886 376 3985 depracationis.

196 3990 346 4079 Semper
368 3989 406 4057 in
427 4011 510 4056 vera
534 4004 569 4058 et
589 3995 664 4061 sola
688 3991 844 4060 Ecclesia
865 3988 933 4058 Dei
953 3988 1084 4060 mansit

94 4118 179 4167 vera
195 4091 359 4161 doctrina
377 4091 422 4159 de
438 4089 624 4180 coniugio,
651 4104 686 4159 et
710 4088 780 4160 hoc
805 4090 916 4185 aliqui
936 4086 1084 4161 ethnicis

93 4192 318 4291 populariter
342 4203 550 4282 opponunt,
583 4191 691 4259 etiam
713 4193 751 4259 in
767 4190 873 4282 Lege.
933 4189 982 4260 Et
1008 4191 1085 4286 qui-

95 4302 174 4370 dem
190 4297 239 4366 ita
256 4292 485 4384 intelligatur.
537 4288 690 4361 Ethnica
706 4292 832 4383 religio
848 4287 957 4361 habet
973 4287 1085 4363 hone-

95 4401 265 4474 stissimas
285 4395 496 4473 sententias,
522 4393 687 4464 videlicet
708 4395 747 4463 in
766 4395 922 4465 secunda
946 4395 1084 4476 tabula;

95 4505 134 4573 in
146 4502 261 4596 prima
278 4520 355 4566 non
368 4492 476 4565 habet
488 4489 756 4567 honestissimas
770 4495 976 4578 sententias,
998 4496 1082 4589 quia

92 4608 238 4678 filerunt
257 4597 447 4670 horribiles
462 4596 686 4668 confusiones
701 4596 879 4667 idolorum
895 4597 991 4687 apud
1008 4593 1083 4667 eth-

93 4706 204 4776 nicos.
255 4701 413 4772 Maxima
432 4721 517 4790 pars
533 4698 710 4768 dictorum
736 4711 840 4771 sonat
862 4700 906 4769 de
928 4702 1080 4769 secunda
1160 4761 1170 4778 .

102 4827 304 4844 μ

134 4879 167 4949 τ)
186 4882 237 4933 nto
252 4885 362 4937 rimam
388 4886 433 4935 est
448 4881 561 4946 nunti,
591 4882 747 4936 caumes
770 4854 958 4943 animumne
982 4881 1081 4932 amar·

164 4950 299 5036 ophwpl,
321 4953 433 5033 honllltt
452 4951 548 5032 m.
558 4950 708 5013 Inscripta:
739 4944 815 5014 Πρὸς
831 4944 895 5004 τούς
914 4947 997 5066 rtotpp¹
1008 4943 1082 5066 drppp:

150 5014 424 5153 diei-ifflgiiii:
439 5013 1080 5149 pppppnpdpppephpuogappgpprffupsm

160 5156 352 5209 mt—mtt.
375 5155 482 5208 tront
497 5152 574 5222 rot.)
592 5157 668 5207 tom.
681 5154 717 5208 11.
733 5167 760 5216 p.
776 5150 935 5204 raa-tao.

123 5238 181 5307 τι)
197 5242 275 5293 ttrec
290 5244 420 5305 spectare
443 5239 571 5290 vitentur
593 5239 629 5290 ed
653 5236 804 5292 cremnon
827 5235 1006 5288 Alexandrini
1022 5237 1079 5290 co-

156 5310 342 5362 lortrtlonetn
360 5309 397 5360 ott
414 5309 528 5361 Gentes.

1140 1720 1272 1803 tabula,
1297 1719 1476 1790 interdum
1492 1720 1654 1791 incidunt
1667 1722 1704 1791 in
1718 1724 1886 1815 primam,
1913 1731 1965 1802 ut,
1989 1710 2126 1809 ἀνδρὸς

1139 1817 1295 1914 εὐόρκου
1310 1818 1417 1918 γενεὴ
1431 1819 1659 1913 μετόπισθεν
1674 1820 1857 1915 ἀμείνων,
1884 1817 1954 1890 hoc
1968 1818 2124 1910 pertinet

1140 1926 1184 1993 ad
1199 1936 1446 2015 praeceptum:
1472 1922 1555 1994 Non
1570 1925 1757 2016 peierabis.

1176 2042 1178 2047 ’
1238 2023 1358 2092 Maior
1374 2024 1482 2115 igitur
1497 2037 1550 2095 est
1563 2050 1646 2096 vera
1664 2027 1702 2095 in
1717 2027 1835 2119 prima
1852 2035 1887 2092 et
1903 2020 2124 2102 secundata-

1138 2124 1234 2196 bula.
1284 2124 1465 2195 Minorem
1479 2131 1655 2212 concedo,
1682 2130 1779 2222 quod
1796 2132 1839 2196 ad
1850 2126 1981 2214 Legem
1999 2118 2124 2188 attinet

1138 2226 1176 2295 in
1189 2229 1343 2298 secunda
1359 2228 1492 2312 tabula,
1506 2232 1692 2323 non'quod
1708 2233 1753 2299 ad
1767 2233 1934 2321 primam,
1948 2236 1982 2292 et
1994 2220 2122 2290 deinde

1138 2352 1212 2397 non
1228 2331 1326 2422 quod
1341 2330 1387 2399 ad
1402 2328 1635 2422 Evangelium
1654 2333 1791 2402 attinet.

1172 2512 1303 2595 Quare,
1328 2526 1360 2583 et
1374 2521 1460 2585 uode
1473 2520 1733 2590 autumnitas
1747 2519 1931 2589 sententiar
1944 2503 2093 2583 atate?

1242 2644 1335 2736 Quia
1350 2645 1410 2715 illa
1425 2651 1599 2739 sapientia
1614 2654 1801 2723 nobiscum
1816 2648 1984 2721 nascitur.
2024 2642 2123 2712 Dens

1139 2742 1268 2814 indidit
1288 2742 1381 2815 hanc
1400 2748 1515 2817 lucem
1536 2765 1686 2821 naturae
1709 2751 1908 2834 humanae,
1938 2760 1979 2817 ut
2002 2745 2122 2836 aliquo

1138 2846 1248 2913 modo
1269 2848 1381 2936 possit
1401 2847 1561 2919 iudicare
1582 2864 1725 2919 externa
1752 2855 1854 2920 iacta.
1905 2847 1947 2915 In
1971 2846 2123 2925 summa,

1138 2958 1259 3014 manet
1270 2947 1396 3016 notitia
1406 2946 1513 3039 Legis
1521 2964 1701 3044 utcunque
1716 2950 1870 3020 mirabili
1889 2947 2036 3017 consilio
2044 2944 2124 3014 Dei.

1137 3044 1200 3115 Illa
1222 3048 1350 3116 notitia
1374 3047 1479 3140 Legis
1504 3065 1556 3123 est
1582 3053 1704 3122 lumen
1726 3052 1795 3122 Dei
1816 3064 1850 3121 et
1871 3046 2043 3139 sapientia
2069 3046 2124 3113 in·

1139 3144 1320 3219 exhausta.
1370 3147 1455 3219 Ideo
1472 3153 1673 3247 ubicunque
1696 3154 1847 3245 legimus
1870 3153 1961 3221 dicta
1981 3147 2121 3237 legalia,

1138 3248 1369 3340 congruentia
1387 3276 1466 3322 cum
1484 3252 1687 3357 Decalogo,
1712 3257 1865 3326 sciamus
1887 3275 1961 3322 esse
1982 3249 2121 3340 sapien-

1138 3352 1224 3419 tiam
1240 3349 1327 3435 Dei,
1353 3364 1389 3421 et
1413 3379 1486 3424 esse
1507 3357 1718 3447 sapientiam
1742 3357 1838 3448 legis.
1894 3352 1968 3424 Nec
1992 3374 2121 3451 magna

1138 3452 1379 3544 disputatione
1396 3479 1485 3547 opus
1503 3469 1573 3541 est,
1598 3460 1780 3551 quomodo
1797 3459 1869 3528 sint
1881 3450 2021 3543 legendi
2037 3450 2122 3523 scri-

1136 3567 1258 3646 ptores
1276 3548 1424 3624 ethnici:
1452 3558 1514 3626 ubi
1530 3557 1614 3626 talia
1632 3559 1774 3640 dicunt,
1798 3558 1951 3630 sciamus
1974 3577 2046 3622 esse
2066 3577 2121 3621 sa·

1136 3655 1308 3745 pientiam
1325 3653 1411 3738 Dei,
1437 3658 1521 3750 quia
1537 3659 1597 3726 illa
1614 3673 1697 3729 sunt
1720 3661 1841 3753 aliquo
1866 3657 1976 3727 modo
2002 3676 2121 3722 neces-

1137 3776 1243 3823 sarra.

1237 3849 1343 3921 Aliud
1363 3867 1433 3937 est,
1463 3855 1564 3948 loqui
1583 3857 1627 3925 de
1650 3858 1857 3929 remissione
1882 3865 2120 3947 peccatorum,

1137 3953 1181 4021 de
1203 3953 1378 4041 placanda
1397 3954 1450 4023 ira
1474 3954 1561 4038 Dei,
1594 3959 1638 4027 de
1662 3960 1883 4032 restitutione
1904 3953 2058 4029 iustitiae
2087 3967 2122 4023 et

1136 4051 1230 4121 vitae
1249 4065 1427 4126 aeternae.
1475 4056 1571 4126 Ilaec
1583 4059 1689 4150 longe
1705 4061 1774 4131 alia
1795 4085 1852 4131 res
1873 4072 1943 4143 est,
1976 4069 2012 4125 et
2034 4052 2121 4123 haec

1135 4167 1285 4224 vocatur
1316 4156 1478 4226 doctrina
1504 4157 1701 4250 Evangelii.
1764 4161 1909 4232 Debetis
1943 4158 2052 4250 igitur
2082 4157 2121 4224 in

1137 4268 1326 4346 conspectu
1340 4252 1473 4327 habere
1489 4253 1557 4328 hoc
1573 4261 1783 4349 discrimen,
1810 4276 1844 4333 et
1865 4284 1970 4351 saepe
1992 4258 2121 4349 repeti-

1134 4380 1215 4428 mus
1229 4359 1379 4427 eandem
1397 4360 1680 4431 admonitionem
1696 4367 1740 4434 de
1755 4361 1996 4435 discernendis
2017 4382 2122 4449 gene·

1134 4458 1232 4528 ribus
1249 4459 1493 4531 doctrinarum
1511 4459 1615 4553 Legis
1633 4475 1667 4532 et
1682 4463 1889 4560 Evangelii,
1923 4462 2005 4558 quia
2029 4459 2122 4528 mul·

1135 4569 1211 4628 tum
1229 4560 1317 4632 lucis
1333 4563 1448 4632 adfert
1462 4561 1500 4629 in
1516 4563 1751 4637 diiudicandis
1766 4567 1888 4639 multis
1912 4559 2121 4654 disputatio·

1133 4659 1259 4744 nibus,
1283 4662 1369 4731 etin
1385 4663 1650 4735 considerandis
1666 4668 1844 4753 lontibus,
1869 4667 1965 4736 unde
1981 4662 2028 4731 sit
2045 4655 2121 4729 eth-

1133 4785 1296 4833 meorum
1316 4764 1492 4848 doctrina,
1516 4778 1552 4835 et
1566 4771 1749 4859 quomodo
1762 4766 1990 4842 discernenda
2010 4760 2056 4831 sit
2074 4760 2119 4828 ab

1131 4860 1348 4955 Evangelio,
1374 4877 1410 4935 et
1431 4864 1518 4960 quid
1537 4866 1678 4938 intersit
1697 4870 1791 4939 inter
1811 4864 1983 4939 iustitiam
2006 4874 2119 4930 aeter-

1132 4985 1217 5032 nam
1242 4978 1278 5035 et
1299 4965 1444 5057 politica
1468 4967 1524 5037 vel
1546 4970 1774 5038 oeconomica
1801 4965 1935 5050 officia,
1971 4976 2007 5035 et
2030 4990 2119 5060 quo-

1130 5065 1247 5149 modo¹
1263 5090 1304 5137 ea
1328 5080 1423 5137 recte
1447 5081 1692 5146 exerceantur;
1724 5092 1809 5136 nam
1831 5064 1920 5138 haec
1941 5071 1987 5140 ad
2011 5064 2117 5138 huius

1128 5168 1335 5259 temporalis
1351 5169 1444 5237 vitae
1460 5193 1562 5239 usum
1579 5179 1717 5237 tantum
1733 5183 1939 5263 comparata
1956 5184 2056 5251 sunt,
2083 5184 2118 5237 et

1129 5269 1172 5338 de
1186 5263 1256 5339 hoc
1267 5268 1472 5341 discrimine
1494 5269 1582 5348 alias
1606 5268 1748 5363 copiose
1773 5274 1913 5346 dicitur.
1972 5272 2040 5342 Sed
2064 5270 2116 5338 iu-
