4762 6008
267 235 317 310 79
684 272 688 291 .
845 213 968 288 autu.
1000 215 1115 291 ΜΕΙ..
1154 215 1357 289 SCRIPTA
1391 212 1726 289 Puuououtcu
2251 218 2302 287 80

269 414 457 485 fortunae,
484 395 612 491 quihus
628 390 674 463 sit
689 386 728 456 in
743 385 864 476 lingua
881 398 916 453 et
932 385 971 454 in
995 385 1107 455 oculis
1128 387 1258 477 pudor.
1309 383 1518 471 bendentis,
1544 386 1653 457 etiam
1668 406 1833 457 severum
1849 395 1885 453 et
1898 404 2045 475 gravem
2066 381 2304 476 reprehenso-

271 512 423 583 Seneca:
455 499 573 571 Malus
595 505 647 565 est
668 488 831 559 minister
853 486 944 577 regii
965 486 1110 577 imperii
1131 488 1261 578 pudor.
1310 487 1419 586 rem]
1455 489 1554 559 Talis
1578 489 1624 560 sit
1647 487 1799 569 amicus,
1835 485 1954 578 quiet
1984 486 2079 557 ausit
2110 485 2303 579 repreben-

273 612 347 706 Qui
369 618 422 679 est
445 604 484 671 in
504 599 584 670 aula
609 591 816 687 tyrannica,
857 588 959 658 illum
982 599 1125 680 oportet
1147 590 1260 660 multa
1311 594 1415 675 dere,
1448 605 1483 661 et
1504 595 1596 659 serat
1617 585 1937 682 reprehendentem
1969 610 2018 658 se.
2084 587 2168 660 Non
2196 592 2301 663 dicit:

271 718 388 785 facere
400 707 580 780 scelerate,
606 709 641 765 et
655 694 756 762 illum
771 713 845 758 non
863 701 1006 778 oportet
1021 692 1168 781 pudere.
1203 690 1261 780 311
1311 694 1364 762 Sit
1378 693 1471 774 talis,
1496 693 1559 785 qui
1573 694 1664 761 ierat
1680 690 1861 760 iniuriam.
1890 688 2100 761 Universale
2117 705 2170 763 est
2186 695 2302 765 omni-

275 818 343 890 eioe
356 813 451 904 batte
465 808 557 889 tete,
583 800 648 872 tob
666 793 704 885 tu
719 788 884 885 guidoni
899 792 949 865 bie
962 792 1076 867 bittett
1091 793 1240 886 occisit
1311 796 1377 864 bus
1401 795 1608 873 σκοπτικοῖς
1631 792 1859 884 impatienter
1880 793 1973 863 {erre
2001 792 2156 865 aliorum
2188 821 2303 867 neom.

376 910 436 981 Vs.
452 906 513 979 86.
538 901 585 973 Et
599 921 689 992 quos
712 916 788 963 non
808 891 905 963 ducit
926 892 1067 965 lucrum
1088 899 1134 965 ad
1157 909 1260 987 turpe
1312 907 1431 979 mata,
1455 896 1546 967 sicut
1558 895 1608 966 eis
1621 895 1816 966 iucundum
1837 908 1906 979 est,
1941 895 2126 966 incnmre
2150 897 2239 968 alios
2264 899 2302 966 in

274 1005 489 1110 negotium]
515 1005 591 1081 usit
610 998 746 1073 wollent
761 993 965 1086 umbitbtttt.
1313 1022 1438 1069 eorum
1460 993 1794 1089 reprehensionem,
1819 995 1870 1066 ita
1890 996 1960 1087 ipsi
1977 993 2304 1071 stomachosissirne

375 1114 437 1187 Vs.
459 1109 519 1181 87.
560 1103 644 1174 Non
666 1122 763 1168 ames
786 1093 934 1192 verbis]
968 1099 1144 1167 Amanter
1164 1118 1262 1165 com·
1312 1101 1510 1192 accipiunt,
1537 1124 1616 1168 cum
1633 1099 1700 1190 ipsi
1718 1099 1907 1168 feriuntur.
1966 1098 2039 1170 tte
2057 1098 2205 1190 &vitiet
2225 1102 2304 1177 ttoae

275 1218 381 1315 plecti
396 1226 447 1285 est
463 1207 645 1303 στέργειν,
672 1200 755 1269 inde
773 1195 903 1266 (11θί1111·
917 1196 1068 1297 στοργή.
1102 1199 1262 1270 [1ῐᾶωο-
1312 1223 1374 1277 nen
1403 1204 1477 1276 11th
1500 1201 1572 1295 11101
1596 1203 1711 1276 ieibttt.
1781 1200 1851 1270 Sed
1879 1199 1941 1292 qui
1969 1201 2046 1270 vult
2066 1202 2183 1271 dicere
2209 1227 2301 1296 quae

275 1324 341 1403 ris,
364 1311 528 1387 amabilis
545 1318 632 1380 esto·
673 1301 757 1375 Non
771 1311 910 1369 lunium
926 1299 1030 1369 dicii:
1059 1298 1261 1381 mametis,
1312 1305 1407 1389 vult,
1432 1304 1554 1376 audiet
1568 1327 1659 1396 quae
1674 1326 1749 1373 non
1764 1303 1853 1373 vult.
1904 1298 1978 1393 Qui
1991 1301 2061 1372 sibi
2074 1304 2151 1373 vult
2161 1328 2302 1375 sumere

276 1445 390 1500 ames3
421 1417 485 1486 sed
514 1422 550 1480 et
576 1407 624 1477 sis
654 1404 785 1473 suavis.
846 1400 970 1492 Aliqui
1001 1414 1085 1473 sunt
1116 1402 1261 1494 quidem
1313 1431 1518 1489 censuram,
1544 1405 1600 1474 vel
1615 1406 1670 1474 ius
1684 1400 1971 1496 reprehendendi
1991 1404 2166 1488 amicum,
2198 1405 2303 1476 debet

278 1522 401 1602 amici,
444 1518 504 1586 sed
533 1504 673 1579 horridi
701 1516 736 1573 et
766 1502 895 1592 asperi.
962 1498 1146 1600 Στέργετε
1175 1499 1263 1582 τούς
1312 1510 1386 1602 ipse
1402 1507 1511 1577 etiam
1526 1507 1650 1578 audire
1668 1505 1790 1576 alium.
1840 1504 1923 1574 Vita
1937 1506 2091 1575 maxime
2107 1498 2302 1577 delectatur

278 1621 472 1724 φιλέοντας
500 1611 580 1707 (Est
606 1630 726 1677 versus
746 1602 890 1697 Bionis)
915 1599 983 1692 ἵν’,
1017 1598 1065 1696 ἢν
1091 1600 1262 1699 palione,
1312 1609 1505 1702 improbis,
1537 1609 1656 1698 plures
1684 1619 1804 1676 tamen
1825 1606 1911 1675 mali
1935 1624 2043 1699 quam
2065 1608 2165 1677 boni.
2216 1607 2301 1677 ldeo

279 1721 451 1824 φιλῆσθε.
501 1714 571 1794 Ui,
593 1710 624 1781 81
639 1705 824 1789 3111991118,
850 1703 1034 1775 amemini·
1313 1711 1427 1780 simile
1441 1721 1537 1780 amat
1550 1709 1676 1779 simile.
1726 1704 1906 1802 Ciceroffi)
1926 1707 2026 1775 dicit:
2053 1704 2154 1778 Nihil
2175 1721 2227 1778 est
2245 1733 2302 1778 ra-

380 1822 457 1893 Vss.
474 1817 534 1887 87.
552 1812 614 1884 89.
637 1810 778 1879 Habeas
792 1806 960 1876 coralibi.
992 1807 1065 1875 Aut
1074 1817 1261 1873 meamato
1314 1813 1436 1903 pacius
1457 1811 1627 1884 similium
1649 1834 1758 1903 quam
1781 1821 1922 1878 natura.
1979 1806 2063 1876 ldeo
2089 1808 2173 1903 quia
2197 1809 2303 1879 multi

279 1917 454 2002 sinceram
475 1926 630 1989 mentem
649 1934 807 2004 ponens,
839 1921 901 1978 aut
923 1931 979 1976 me
1001 1930 1187 1989 recusans,
1225 1905 1263 1972 id
1317 1913 1401 1981 mali
1416 1925 1517 1994 sunt,
1544 1913 1624 1981 ideo
1641 1923 1764 1981 amant
1779 1909 1885 1980 mala.
1943 1904 2035 1991 Βίος
2047 1904 2210 2001 μάλιστα
2224 1913 2303 1990 τοῖς

281 2045 351 2113 est,
375 2049 451 2097 non
472 2020 519 2093 sit
536 2021 656 2087 fricata
676 2006 864 2105 amicitia]
897 2005 1107 2098 ἀποειπεῖν,
1141 2008 1264 2089 idest,
1314 2016 1489 2109 πονηροῖς
1501 2009 1628 2106 ἥδεται
1643 2023 1707 2082 etc.
1760 2013 1828 2087 &it
1844 2010 1938 2103 utico
1952 2010 2065 2106 {letto
2080 2008 2195 2104 lugent

281 2134 477 2219 abnegare,
503 2121 689 2198 abiurare,
715 2134 897 2192 recusare,
944 2109 1173 2202 oetissmttett,
1199 2126 1266 2182 butt
1417 2130 1477 2180 uon
1494 2129 1561 2180 nur
1578 2128 1616 2178 stt
1632 2138 1733 2181 rervm
1751 2126 1892 2191 nectens,
1914 2128 2063 2193 prophete,
2081 2127 2224 2182 mceruos.

282 2233 340 2328 fid,
374 2230 468 2323 tucn.
532 2220 680 2291 Paulus:
720 2207 936 2287 ἀποείπετον
968 2205 1192 2301 tondatopo'r
1204 2208 1264 2304 ⁰⁸)
1315 2212 1398 2283 Non
1411 2206 1500 2279 mihi
1515 2210 1561 2280 sit
1575 2211 1749 2295 medicus,
1775 2208 1897 2291 idest,
1920 2233 1996 2279 non
2011 2210 2094 2279 volo
2111 2209 2229 2278 alieno
2245 2229 2303 2277 ar-

281 2334 346 2405 lllo
360 2331 471 2400 verbo
487 2324 621 2394 utimur
635 2320 674 2387 in
689 2313 984 2387 abiurationibus.
1316 2312 1424 2384 bitrio
1443 2312 1499 2381 vel
1513 2311 1610 2382 iussu
1624 2311 1744 2379 vivere
1767 2309 1804 2380 in
1829 2309 1968 2380 ratione
1990 2311 2114 2384 victus.
2171 2310 2303 2382 Postea

383 2432 444 2501 Vs.
466 2427 528 2497 90.
563 2423 709 2493 Tollens
736 2419 835 2487 litem
866 2427 1009 2507 aperte,
1049 2405 1266 2507 manifeste]
1318 2411 1407 2485 mihi
1429 2438 1504 2483 non
1527 2414 1574 2482 sit
1598 2408 1793 2503 propheta,
1833 2413 1970 2495 idest,
2010 2416 2155 2507 quando
2186 2414 2304 2483 bonus

282 2536 356 2608 Aut
376 2534 425 2606 sis
448 2539 570 2623 aperte
594 2523 747 2603 amicus,
788 2530 850 2587 aut
878 2518 925 2588 sis
951 2526 1072 2607 aperte
1091 2514 1267 2582 inimicus.
1319 2515 1542 2587 consiliarius
1562 2512 1619 2582 vel
1642 2513 1821 2594 monitor,
1854 2536 1978 2583 suasor
2003 2515 2117 2583 dicit:'
2135 2513 2304 2596 Domine,

282 2635 381 2712 Nihil
402 2635 449 2705 sit
470 2629 664 2709 occultum,
705 2644 821 2714 neque
843 2621 1019 2701 fucatum,
1056 2639 1171 2709 neque
1197 2615 1270 2684 sint
1319 2642 1393 2688 non
1410 2616 1568 2698 faciatis,
1591 2614 1753 2684 incidetis
1767 2612 1804 2682 in
1821 2613 2060 2699 calamitates,
2084 2615 2121 2684 in
2139 2640 2305 2710 poenam,

283 2743 425 2811 fucosae
448 2728 672 2811 inimicitiae,
703 2745 820 2815 neque
842 2719 1031 2790 amicitiae.
1096 2716 1170 2808 Qui
1196 2738 1267 2784 una
1319 2721 1448 2787 nolunt
1470 2717 1606 2786 audire.
1672 2714 1755 2786 Non
1778 2715 1824 2785 sit
1846 2711 1936 2783 mihi
1956 2718 2142 2799 sacerdos,
2179 2717 2305 2799 idest,

283 2841 405 2932 lingua
422 2832 569 2906 seorsim
585 2825 692 2898 babet
707 2825 884 2906 animum,
911 2823 968 2890 vel
985 2818 1184 2910 dupliciter,
1209 2815 1269 2882 ille
1320 2843 1393 2887 non
1409 2818 1536 2886 volunt
1549 2816 1671 2885 audire
1687 2830 1768 2908 post
1782 2819 1912 2886 iactum
1933 2812 2135 2885 hortantem
2156 2819 2201 2886 ad
2220 2841 2307 2908 poe-

282 2941 398 3016 socius
415 2933 648 3030 periculosus,
672 2926 905 3021 perniciosus,
921 2917 1124 3013 fontium)
1142 2915 1269 2985 melior
1320 2919 1520 2988 nitentium.
1578 2915 1640 2987 llla
1664 2919 1701 2986 in
1727 2920 1816 2990 aulis
1837 2930 1920 2988 suut
1945 2918 2208 3010 conspectiora,
2241 2919 2305 2987 sed

285 3055 374 3117 esset
387 3034 498 3107 hostis
513 3056 621 3127 quam
640 3028 786 3098 amicus.
1322 3045 1445 3092 omnes
1459 3044 1579 3091 sumus
1596 3019 1646 3088 ita
1670 3020 1806 3104 affecti,
1839 3045 1945 3090 nemo
1968 3021 2045 3090 vult
2068 3020 2143 3110 regi
2165 3018 2307 3089 ratione

387 3136 542 3209 Vss.93.
564 3130 625 3204 94.
663 3128 702 3199 81
725 3125 805 3221 quis
831 3121 956 3193 laudat
986 3133 1042 3204 te,
1075 3131 1272 3211 separatus,
1322 3127 1454 3206 victus,
1482 3146 1597 3216 neque
1616 3122 2017 3205 bouis'monitionibus,
2048 3145 2164 3216 neque
2186 3144 2307 3212 repre·

287 3271 366 3316 curn
383 3253 435 3310 est
448 3236 552 3317 alibi,
578 3231 708 3302 emittit
725 3228 856 3297 malam
870 3218 1065 3320 linguam]
1088 3221 1270 3291 Usitatum
1321 3221 1571 3303 hensionibus,
1602 3246 1708 3293 nemo
1728 3224 1880 3293 libenter
1904 3224 2039 3316 patitur
2062 3220 2308 3315 reprehensio-

286 3359 339 3418 est
356 3345 553 3412 obtrectare
572 3332 793 3412 absentibus,
819 3339 854 3395 et
879 3350 1001 3395 coram
1025 3322 1082 3391 vel
1103 3320 1272 3406 blandiri,
1322 3350 1403 3409 nes,
1428 3327 1501 3394 imo
1518 3324 1624 3393 etiam
1638 3327 1754 3396 bonos
1770 3327 1978 3398 monitores.
2030 3325 2166 3395 Omnes
2186 3348 2308 3396 sumus

288 3448 344 3516 vel
361 3455 453 3512 certe
471 3462 546 3509 non
561 3433 722 3506 insuavia
738 3431 867 3500 dicere.
1322 3429 1430 3509 tales,
1455 3427 1545 3496 alius
1562 3427 1658 3518 plus,
1685 3429 1774 3499 alius
1792 3429 1922 3500 minus.
1980 3426 2095 3496 Ratae
2115 3439 2199 3496 sunt
2220 3425 2309 3494 ami-

388 3542 449 3612 Vs.
464 3536 525 3610 96.
552 3533 740 3632 Ἑταίρους
757 3542 879 3612 vocat,
910 3525 975 3620 qui
997 3521 1102 3593 nobis
1123 3547 1160 3593 se
1185 3547 1273 3615 quo·
1324 3528 1446 3611 citiae,
1485 3529 1548 3598 ubi
1578 3531 1668 3599 alter
1688 3532 1838 3600 alterum
1865 3530 1950 3598 velit
1969 3528 2079 3597 libere
2100 3550 2247 3595 monere
2274 3539 2311 3594 et

287 3673 360 3744 quo
377 3645 486 3715 modo
510 3641 719 3729 adiungunt.
778 3631 878 3701 Talis
901 3627 1016 3699 socius
1038 3649 1114 3694 non
1138 3636 1190 3694 est
1210 3625 1274 3694 bo·
1324 3631 1447 3699 audire
1475 3631 1596 3700 alium.
1658 3633 1765 3723 Apud
1786 3632 2025 3701 Alexandrum
2056 3628 2192 3720 primas
2212 3637 2312 3696 tenet

288 3776 355 3823 nus
371 3745 525 3828 amicus,
550 3740 614 3835 qui
629 3737 714 3809 dicit
727 3735 848 3827 lingua
864 3732 999 3822 optima
1018 3740 1054 3797 et
1073 3726 1171 3796 aliud
1196 3749 1275 3796 sen·
1325 3731 1462 3801 Medias
1482 3732 1538 3800 vel
1557 3731 1770 3830 Mediusoe),
1810 3734 1871 3805 tuit
1899 3752 1932 3804 ct
1960 3728 2050 3824 beist.
2114 3726 2177 3798 llle
2201 3728 2309 3797 dixit:

289 3853 344 3923 tit.
396 3847 491 3916 llaec
508 3843 628 3914 omnia
648 3839 829 3931 pertinent
851 3837 895 3902 ad
918 3841 1164 3925 praeceptum:
1190 3828 1275 3899 Non
1325 3833 1552 3904 calumniare
1584 3837 1775 3915 audacter,
1819 3857 1961 3924 semper
2000 3830 2134 3925 aliquid
2173 3825 2314 3901 haeret,

291 3952 387 4020 dicas
408 3950 535 4016 falsum
561 3941 816 4013 testimonium.
867 3929 1141 4025 Pindarusffip
1176 3929 1275 4024 ὄψον
1324 3935 1443 4005 Etiam
1464 3960 1544 4006 cum
1570 3932 1847 4026 deprehenditur
1867 3937 2026 4018 vanitas,
2051 3947 2172 4003 tamen
2188 3933 2313 4001 vulne-

291 4039 573 4144 αἱκακολογίαι.
624 4038 909 4110 obtrectationes
931 4045 1016 4104 sunt
1037 4055 1120 4122 pars
1144 4051 1276 4098 coenae
1326 4038 1374 4106 ris
1390 4050 1519 4121 ,manet
1542 4039 1680 4131 aliquid
1700 4040 1740 4108 in
1761 4040 1881 4108 animo
1903 4037 2079 4121 sauuato,
2117 4047 2159 4105 ut
2186 4045 2313 4126 postea

292 4164 327 4223 et
344 4147 507 4240 prandii,
539 4147 601 4216 bed
623 4139 701 4230 belle
723 4136 872 4229 (bertot,
901 4145 936 4201 el
959 4131 1134 4220 optimum
1156 4130 1277 4198 condi·
1326 4140 1437 4230 possit
1450 4164 1543 4207 nova
1561 4141 1711 4211 offensio
1726 4142 1864 4211 facilius
1876 4139 2033 4220 excitari,
2057 4149 2178 4206 manet
2189 4148 2313 4204 tamen

292 4262 453 4321 mentum
468 4258 520 4316 est
543 4244 581 4312 in
602 4240 733 4312 mensis
755 4251 791 4307 et
815 4232 1058 4324 congressibus
1078 4227 1277 4302 bominum·
1328 4241 1366 4307 in
1389 4252 1506 4309 mente
1531 4240 1693 4319 cicatrix,
1730 4255 1769 4308 ut
1792 4253 1914 4329 postea
1938 4239 2108 4327 cogitent:
2151 4239 2201 4312 QG
2227 4237 2312 4308 uiro

293 4352 450 4446 Quidam
478 4345 624 4436 capiunt
646 4363 822 4413 summam
844 4337 1063 4426 voluptatem
1085 4357 1126 4403 ex
1149 4333 1278 4404 13111113
1328 4338 1465 4430 sured>
1477 4345 1551 4410 tusi
1567 4338 1739 4429 btuuftitt.
1788 4342 1864 4430 {ltu
1880 4343 1950 4413 teu
1965 4338 2158 4433 hilcbiubnt
2179 4335 2237 4432 ild)
2258 4341 2314 4410 bet

290 4450 448 4531 labellis,
488 4460 524 4516 et
550 4444 746 4515 recitantur
768 4436 957 4528 Augustini
980 4458 1101 4507 versus
1125 4438 1278 4526 agrestes
1327 4442 1507 4520 bistonio
1529 4446 1586 4511 tob
1603 4435 1759 4532 gtioffett,
1797 4443 1848 4510 ihi
1871 4454 2011 4512 tantum
2036 4443 2111 4510 vini
2131 4440 2239 4519 bibit,
2274 4450 2318 4508 ut

292 4555 459 4647 quidem,
484 4549 545 4618 sed
561 4559 681 4614 tamen
696 4541 870 4612 sententia
887 4550 939 4610 est
954 4538 1067 4607 bona:
1329 4552 1450 4632 postea
1471 4540 1678 4611 decubuerit
1699 4556 1763 4613 etc.
1831 4545 1880 4620 &t
1896 4545 1956 4637 bot
1979 4542 2197 4635 auredus,
2236 4542 2317 4629 giuti

396 4659 525 4725 sumu·
542 4658 615 4710 anst
633 4656 715 4707 dieti·
732 4655 877 4706 uuum
894 4651 994 4703 roan·
1010 4651 1113 4717 uun,
1328 4639 1470 4736 liubigeo
1486 4641 1617 4733 statuet
1632 4644 1750 4720 aoeies
1770 4645 1983 4741 oetgeioffeu.

460 4744 539 4795 liano
554 4752 678 4793 mensem
695 4737 809 4790 vetitam
824 4735 936 4788 noverit
953 4748 1017 4787 esse
1034 4736 1098 4793 sibl.

393 4830 471 4902 Vss.
487 4827 593 4897 97-
603 4825 664 4898 99.
689 4824 789 4893 'l'alis
798 4824 845 4894 sit
858 4817 949 4891 mibi
964 4823 1043 4890 loco
1057 4822 1190 4905 fratris,
1217 4829 1281 4917 qui

294 4957 462 5014 noscens,
501 4926 752 5021 introspiciens
775 4927 844 4994 fert
864 4922 974 5007 iram,
1007 4923 1139 4993 scilicet
1160 4948 1280 5017 repre.

300 5070 509 5089 Μ

1431 4758 1508 4832 Vss.
1527 4762 1706 4836 102105.
1734 4763 1836 4858 Quae
1847 4776 1899 4836 est
1912 4756 2232 4833 utilitasamicitiae
2247 4757 2317 4826 im·

1329 4861 1434 4953 probi
1447 4856 1628 4935 hominis?
1655 4890 1729 4934 non
1746 4865 1878 4958 poterit
1892 4876 1927 4935 te
1943 4863 2095 4932 hberare
2116 4885 2157 4932 ex
2180 4857 2318 4929 difficili

328 5142 378 5209 66)
397 5143 472 5193 litteo
490 5143 575 5192 verbs
592 5141 621 5189 in
638 5140 717 5189 Novo
736 5137 810 5187 'rest
827 5143 882 5183 uon
900 5131 1085 5187 inveniuntur.
1364 5133 1412 5200 67)
1430 5135 1486 5187 clo.
1503 5134 1615 5185 Laelius
1636 5137 1676 5196 u,
1693 5136 1737 5187 ω.

328 5223 531 5293 99911119119]
551 5226 592 5275 ¹¹⁰
610 5222 728 5285 'llll'li
746 5221 797 5271 ¹²⁰·
817 5219 892 5270 Μ·
911 5215 1022 5281 litimi-
1046 5298 1048 5303 Ι
1364 5236 1412 5300 68)
1432 5237 1482 5285 llio
1493 5234 1616 5296 Medius,
1634 5235 1679 5297 qui
1696 5236 1872 5287 aPlutsroto
1891 5235 1918 5286 in
1937 5236 1997 5286 ulta
2011 5237 2090 5287 Alex.
2108 5249 2131 5288 c.
2145 5235 2188 5288 7⁸.
2207 5232 2320 5297 uottsr,

331 5312 399 5373 ssi)
422 5310 532 5361 under.
571 5310 649 5362 Non.
674 5307 753 5369 thl,
777 5306 820 5357 21.
846 5303 895 5355 Ed.
913 5303 1029 5356 Boeoti.
1056 5295 1130 5368 ὄψον
1152 5298 1183 5356 di
1204 5300 1284 5372 λόγοι
1399 5317 1416 5352 ο
1432 5303 1546 5353 harim
1562 5303 1723 5353 'thessaliae
1739 5303 1890 5369 oriundus,
1920 5304 2172 5368 impudentissimus
2191 5304 2256 5353 erat
2272 5301 2321 5353 ln·

363 5377 555 5449 φοονεροῐσιν.
1399 5374 1443 5423 ter
1459 5370 1610 5422 Alexandri
1625 5370 1792 5421 adulatores.
