4754 6014
81 357 161 434 us
543 354 763 427 cxxxuu.
815 352 1101 427 uusuaarro
1133 351 1415 427 ceoaercou
1448 350 1654 428 uramur.
1892 306 1896 315 ¹
2046 360 2121 435 414
2222 370 2227 389 ·

187 522 352 596 vulsi.
380 523 512 623 Oloris]
529 527 620 597 Diels
639 531 712 596 und
729 529 798 610 let,
821 527 967 620 proprie
980 529 1078 621 quod
1232 525 1294 597 Vs.
1316 524 1403 601 642.
1438 524 1588 624 liranus]
1623 528 1705 622 quia
1732 550 1831 595 mare
1856 528 1952 596 eiicit
1974 544 2118 600 mortua

88 653 154 699 nos
172 651 361 709 vocamus,
389 654 457 720 eyn
478 634 612 719 glatten
628 631 745 698 balck.
1131 652 1296 721 corpora.

174 728 249 800 ·Vs.
264 727 353 800 499.
380 728 574 828 Avertitur]
600 733 724 814 idest,
751 744 955 815 aversatur,
981 730 1077 801 lasti·
1128 744 1135 769 ¹
1230 730 1291 801 Vs.
1308 726 1396 802 643.
1422 733 1640 824 influmine]
1667 731 1799 801 scilicet
1816 756 1857 800 ex
1872 733 1977 802 mari.
2084 728 2088 735 ⁴

87 833 159 916 dit,
186 832 312 943 active.
852 890 856 898 -
1231 848 1292 921 Vs.
1309 846 1395 919 660.
1425 852 1565 943 Chiron]
1592 850 1763 941 Magister
1779 847 1946 933 Achillis,
1973 864 2008 918 et
2032 851 2120 922 diei·

190 931 347 1004 l⁸·5⁰6·
365 936 498 1006 Gemllu
511 931 646 1031 946443]
660 934 731 1004 Eln
744 931 932 1005 Schwefffl
945 931 1078 1005 llh‘ffl·
1102 928 1106 1005 l
1131 965 1190 1021 tur
1206 952 1311 1022 luisse
1329 952 1498 1022 medicus.
1550 953 1709 1045 Antiqua
1736 953 1897 1022 doctrina
1922 978 2051 1042 magna
2075 980 2118 1025 ex

188 1034 250 1106 VS·
265 1030 352 1155 5104
379 1038 547 1129 Imm]
580 1038 677 1107 Vlss0
702 1038 809 1107 05³¹ss
832 1039 967 1108 utimur
995 1060 1078 1106 ⁰0¹1·
1102 1008 1106 1161 i
1130 1067 1232 1146 parte
1252 1054 1319 1123 suit
1350 1054 1535 1148 inquisitio
1564 1068 1733 1136 naturae,
1766 1069 1799 1124 et
1822 1055 1920 1125 Deus
1951 1054 2118 1125 excitavit

87 1150 141 1207 (Ν
163 1140 473 1228 wilehelmum·
791 1241 800 1258 .
1131 1161 1306 1250 quaedam
1326 1157 1530 1226 excellentia
1548 1156 1712 1248 ingenia,
1737 1182 1829 1250 quae
1853 1156 1920 1226 ista
1938 1170 2115 1227 monstra·
2239 1236 2247 1247 ,

190 1239 250 1310 V&
266 1235 353 1311 515·
380 1245 465 1311 ΕΜ
481 1235 608 1337 aulem]
634 1239 689 1310 De
707 1255 830 1312 laum·
1130 1272 1210 1328 rent
1224 1255 1450 1342 homiuibus,
1470 1259 1551 1329 talis
1565 1260 1632 1328 suit
1648 1255 1795 1328 Chiron.
1838 1258 1973 1328 Dicunt
1990 1272 2115 1329 natum

129 1416 133 1430 ,
190 1358 253 1428 Vs.
268 1352 355 1433 622.
378 1363 507 1430 Purior
517 1354 654 1455 electro]
668 1360 761 1429 Puto
777 1361 871 1429 enim
887 1362 987 1455 loqui
1003 1382 1078 1429 non
1101 1408 1106 1453 ,
1131 1384 1204 1432 esse
1218 1386 1260 1430 ex
1274 1357 1442 1454 Philyra,
1463 1362 1622 1432 fortassis
1640 1361 1722 1453 quia
1741 1362 1777 1430 io
1795 1362 1903 1454 sylvis
1920 1361 2018 1430 vixit.

86 1462 132 1529 de
157 1461 287 1529 electro
305 1463 472 1544 metallo,
499 1464 559 1531 sed
579 1465 622 1531 de
641 1463 772 1531 electro
790 1464 946 1532 succino.
1006 1462 1078 1529 Vo-
1230 1463 1291 1534 Vs.
1308 1460 1395 1538 662.
1421 1466 1557 1535 Pallida
1575 1464 1772 1555 Tisiphone]
1794 1464 1876 1556 <pria
1899 1459 2119 1533 hauddubie

89 1574 193 1631 catur
217 1576 335 1632 autem
362 1565 529 1633 electrum
548 1563 604 1659 19)Ι
617 1578 781 1657 agsteyn,
809 1567 892 1659 quia
914 1564 1078 1636 similitu·
1130 1567 1210 1635 illae
1242 1592 1367 1637 saevae
1401 1567 1620 1656 pestilentior
1651 1579 1734 1635 sunt
1764 1566 1868 1634 ssatus
1901 1565 2053 1648 cliaholi,
2083 1577 2118 1634 et

88 1665 173 1732 dine
196 1665 359 1735 imitatur
382 1667 549 1735 electrum
574 1668 778 1749 metallum,
805 1672 902 1760 quod
924 1666 1078 1738 estmix-
1129 1669 1218 1736 boni
1257 1668 1374 1757 angeli
1416 1670 1598 1760 depellunt
1639 1682 1674 1735 et
1717 1679 1838 1734 arcent
1878 1668 1959 1735 illos
2003 1667 2120 1738 ssatus.

90 1778 167 1834 tum
185 1766 356 1858 quiddam
374 1791 415 1836 ex
430 1781 578 1858 argento
602 1782 636 1837 et
658 1792 760 1839 auro.
810 1769 949 1839 Deinde
973 1769 1078 1838 nobis
1134 1769 1333 1870 Tisiphone]
1363 1771 1397 1839 id
1425 1785 1495 1853 est,
1526 1771 1697 1839 ulciscens
1723 1772 1889 1850 caedem,
1925 1782 2118 1860 propterea

90 1879 176 1936 nota
195 1881 248 1937 est
271 1881 399 1939 natura
424 1870 543 1939 electri
560 1870 712 1954 succini,
740 1873 909 1943 adversus
922 1895 1078 1964 paroxy-
1131 1876 1227 1966 quod
1264 1869 1462 1942 homicidas
1504 1895 1641 1963 poenae
1674 1870 1847 1941 divinitus
1880 1872 2117 1941 comitantur:

90 1994 185 2039 smos
202 1969 409 2061 epilepticos
428 1986 480 2044 est
496 1974 600 2041 valde
625 1975 761 2042 bonum
787 1977 1008 2056 remedium,
1044 1986 1079 2041 et
1130 1975 1212 2045 ideo
1229 1975 1278 2045 sic
1304 1988 1454 2044 vocatur
1476 1973 1582 2044 luria.
1634 1972 1754 2043 Altera
1780 1975 2118 2065 vocaturlllepaera,

88 2072 237 2162 prodest
275 2097 419 2167 quoque
460 2077 498 2144 iu
539 2088 657 2167 partu.
733 2075 872 2147 Plinius
913 2077 1000 2145 dicit
1039 2076 1078 2143 in
1130 2077 1253 2159 idest,
1280 2077 1433 2160 invidia,
1454 2074 1673 2165 indignati03
1707 2075 1963 2157 recitantem,
1994 2077 2031 2143 id
2054 2088 2118 2159 est,

88 2173 228 2244 Baltico
245 2175 326 2245 sinu
343 2200 417 2247 esse
444 2179 650 2261 collectum,
678 2190 815 2250 veteres
830 2179 960 2249 Graeci
982 2177 1078 2248 dixe·
1130 2204 1205 2248 non
1223 2179 1407 2261 desinens,
1429 2179 1511 2272 quia
1528 2179 1578 2246 illi
1596 2177 1772 2246 cruciatus
1790 2175 2025 2247 conscientiae
2042 2201 2118 2246 non

89 2290 193 2361 runt,
220 2278 399 2347 destillare
425 2304 467 2348 ex
491 2281 679 2351 arboribus
702 2280 794 2348 eirca
818 2282 978 2365 Padum,
1017 2283 1078 2349 sed
1132 2283 1312 2352 desinunt.
1364 2277 1563 2370 Tisiphone
1581 2291 1635 2349 est
1648 2302 1751 2349 causa
1771 2278 1903 2358 finalis3
1939 2278 2119 2369 Megaera,

89 2379 221 2471 passim
238 2381 406 2450 nascitur.
520 2422 523 2429 ·
1133 2406 1236 2452 causa
1254 2382 1434 2463 formalis,
1460 2384 1493 2450 id
1511 2396 1580 2465 est,
1600 2383 1673 2471 ipse
1689 2382 1811 2460 dolor;
1838 2381 1961 2449 Alecto
1978 2384 2119 2467 modus,

192 2496 254 2567 Vs.
269 2494 356 2573 626.
382 2504 462 2570 Non
484 2492 656 2596 Massica]
683 2498 719 2566 id
742 2511 812 2580 cst,
848 2520 951 2566 creusa
974 2494 1080 2571 huius
1132 2485 1207 2574 ipsa
1225 2484 1456 2573 perpetuitas.

88 2625 166 2671 non
194 2612 246 2669 est
270 2600 568 2692 intemperantia,
606 2600 711 2669 utin
733 2599 869 2669 morbis
890 2595 1079 2670 hominum
1231 2598 1294 2693 Vs.
1318 2595 1404 2670 556.
1451 2606 1589 2697 lamque
1627 2603 1839 2693 cateruatim]
1882 2597 1929 2672 Es
1969 2603 2119 2671 werden

88 2723 197 2793 saepe
214 2701 333 2771 morbi
348 2700 482 2773 hahent
500 2703 655 2773 occultas
674 2727 809 2773 causas.
1133 2726 1253 2795 grosse
1268 2702 1399 2771 cumuli
1418 2704 1646 2772 cadaverum.

193 2800 254 2872 Vs.
270 2800 357 2878 662.
386 2808 577 2898 Quaesitus]
604 2803 640 2872 id
657 2818 727 2888 est,
754 2805 972 2874 desideratas
995 2827 1080 2874 esse.
1234 2802 1295 2873 Vs.
1312 2800 1399 2874 669.
1417 2806 1545 2896 Curiis]
1561 2806 1597 2873 id
1613 2819 1675 2888 est,
1700 2804 1788 2872 Man
1804 2808 1894 2873 kans
1908 2804 2004 2872 leder
2021 2799 2120 2873 nicht

195 2900 256 2977 Vs.
272 2901 359 2979 634.
382 2902 537 3006 liestris]
563 2909 687 2991 idest,
712 2907 903 2998 ligonibus.
1133 2901 1382 2998 gebrauchen,
1412 2909 1485 2976 und
1504 2910 1561 2975 die
1577 2911 1749 2976 cadevera
1767 2900 1950 2976 sclrinden.

193 3004 255 3078 Vs.
271 3006 358 3080 667.
384 3016 464 3082 Nou
479 3004 593 3106 lupus]
615 3009 651 3077 id
669 3022 733 3094 est,
749 3010 834 3101 lupo
854 3009 965 3090 deest,
983 3006 1080 3100 quod
1231 3023 1293 3095 Vs.
1309 3021 1394 3096 664.
1417 3021 1582 3123 Pabulae]
1610 3025 1645 3094 id
1671 3039 1740 3108 est,
1777 3023 1970 3106 tuberculi,
1996 3023 2034 3092 id
2056 3035 2120 3109 est,

90 3120 254 3181 venetur.
1134 3128 1299 3217 contagio
1317 3122 1481 3198 homines
1500 3154 1644 3222 quoque
1666 3128 1884 3197 inficiuntur.
1981 3182 1984 3188 .

192 3226 255 3346 .V⁸'
272 3224 358 3301 640.
390 3224 581 3328 Vapuutur]
609 3228 732 3315 idest,
758 3254 833 3299 non
854 3242 1004 3321 possunt
1028 3230 1082 3297 iu-
1235 3242 1295 3313 Vs,
1311 3239 1398 3315 566,
1421 3248 1529 3316 sacer
1548 3240 1656 3342 pute]
1683 3244 1741 3313 Sie
1763 3244 1910 3333 kriegen
1932 3253 2032 3313 sanct
2046 3239 2120 3308 An·

93 3331 353 3422 8⁸¹⁰¹¹¹¹P0dl¹l
372 3335 513 3403 ¹¹¹⁰rb⁰·
1134 3345 1227 3414 touii
1245 3347 1345 3430 feur,
1389 3371 1498 3440 quam
1529 3350 1636 3419 credo
1666 3372 1747 3415 eum
1777 3344 1964 3435 complecti
1997 3364 2121 3413 omnes

1135 3447 1447 3520 inflammationes.

130 3597 179 3668 ιο)
196 3601 342 3670 elmerum]
361 3603 411 3657 m,
432 3602 506 3656 ιω,
525 3601 652 3654 01th
1235 3563 1311 3634 lam
1326 3568 1487 3660 sequitur
1503 3568 1653 3636 materia
1668 3567 1871 3637 iucundior.

680 3801 729 3870 ln
761 3801 927 3869 librum
952 3800 1011 3871 lV.
1034 3799 1295 3889 Georgicon
1329 3797 1534 3890 Virgilii.

199 3972 357 4064 Quartus
376 3971 466 4039 liber
497 3965 604 4038 habet
631 3969 906 4060 descriptionem
929 3982 1079 4040 naturae
1133 3968 1216 4063 quia
1242 3968 1385 4050 omnia,
1419 3968 1459 4035 iu
1481 3966 1610 4060 quibus
1632 3963 1765 4034 eminet
1785 3963 1957 4047 dulcedo,
1992 3963 2122 4036 inillis

93 4099 228 4166 apum,
266 4073 307 4142 in
337 4096 409 4166 quo
433 4083 487 4141 est
509 4070 674 4162 inprimis
703 4070 843 4161 elegans
868 4083 903 4141 et
935 4071 1080 4142 mirabi·
1133 4072 1291 4139 abundat
1304 4071 1400 4141 aeria
1410 4065 1617 4138 humiditas.
1645 4068 1742 4137 Sicut
1758 4067 1855 4149 vina,
1870 4066 2121 4160 quosuntdul·

93 4178 139 4249 lis
153 4176 366 4268 proprietas.
414 4174 508 4245 Nam
527 4173 611 4266 quia
626 4173 852 4267 persequitur
866 4173 959 4243 idem
977 4198 1081 4265 argu·
1134 4174 1244 4258 ciora,
1256 4188 1340 4243 suut
1355 4172 1468 4263 magis
1478 4170 1592 4244 aeria:
1610 4170 1658 4239 ita
1675 4169 1790 4239 mellis
1805 4182 1933 4239 natura
1950 4168 2121 4242 estserir.

94 4291 278 4362 mentum,
304 4276 559 4369 descriptiones
580 4289 663 4347 sunt
689 4276 946 4360 accuratiores,
972 4301 1081 4371 quam
1133 4276 1180 4346 Er
1196 4279 1342 4369 quando
1360 4276 1439 4370 quis
1455 4273 1607 4342 nimium
1629 4272 1720 4354 edit,
1743 4284 1829 4341 tunc
1844 4272 2028 4341 celerrime
2043 4294 2123 4351 ver·

90 4383 136 4450 in
157 4381 402 4473 superioribus
431 4380 558 4463 libris,
602 4379 793 4473 inquibus
818 4379 945 4451 videtis
968 4381 1081 4450 multa
1135 4377 1288 4448 titurio
1319 4377 1450 4459 bilem,
1490 4375 1582 4447 sicut
1611 4398 1673 4444 aer
1698 4373 1884 4445 celerrime
1906 4375 2059 4444 vertitur
2083 4374 2124 4442 in

99 4507 172 4554 esse
191 4486 358 4576 abrupta.
410 4483 479 4553 Sed
501 4478 571 4553 hoc
591 4496 841 4573 argumentum
866 4483 981 4574 magis
1001 4507 1083 4575 per·
1135 4482 1266 4572 ignem.
1307 4480 1401 4573 Quis
1414 4477 1496 4550 bilis
1510 4491 1562 4549 cst
1580 4477 1705 4568 igneae
1721 4489 1884 4559 naturae,
1898 4477 1972 4545 mel
1984 4475 2122 4550 aeriae:

97 4585 203 4670 texit,
229 4601 352 4679 postea
377 4584 515 4657 hebetis
530 4581 587 4654 hic
608 4588 802 4656 multarum
820 4609 940 4655 rerum
962 4586 1084 4677 appel·
1135 4585 1216 4653 ideo
1239 4581 1279 4652 iu
1299 4582 1439 4674 igneam
1465 4580 1672 4674 qualitatem
1695 4579 1815 4648 statim
1836 4578 2000 4648 vertitur.

96 4688 267 4772 lotiones,
300 4703 341 4761 ut
362 4690 590 4782 plantarum,
622 4688 860 4771 insectorum,
887 4700 953 4757 etc.
1019 4686 1083 4756 Di·
1237 4702 1296 4774 V,‚
1316 4701 1353 4774 4,
1379 4702 1684 4794 magnanimosque
1700 4692 1815 4794 duces]
1840 4691 1994 4766 Pulchra
2008 4707 2124 4763 trans-

96 4802 229 4861 cuntur
258 4805 375 4863 autem
407 4792 561 4874 insecta,
604 4816 696 4884 quae
722 4814 796 4859 non
823 4786 958 4860 habent
979 4790 1085 4872 colla,
1136 4806 1236 4876 lario.
1289 4805 1490 4876 Transtulit
1504 4801 1761 4895 appellationes
1773 4799 1920 4892 politiae
1944 4809 1980 4865 et
2003 4795 2123 4885 reipu-

96 4894 234 4964 Gfaeoe
257 4887 474 4991 ἐγκόμματα
490 4894 521 4988 ¹)
543 4894 581 4962 ld
605 4907 677 4979 est,
705 4893 839 4975 incita,
867 4893 1085 4962 3165311011·
1137 4908 1250 4977 blicae
1267 4910 1423 4999 adapes.
1475 4904 1524 4973 Et
1541 4904 1701 5001 proiecto
1718 4901 1845 4994 opibus
1867 4909 1951 4970 suut
1974 4897 2123 4988 impres-

95 4998 196 5080 losa‚
225 4998 322 5089 quod
346 4996 499 5067 annulos
520 4993 654 5065 habent
675 5021 743 5088 pro
768 4995 881 5077 collo,
909 5018 970 5066 seu
988 4996 1086 5088 quod
1138 5035 1197 5081 gae
1215 5010 1388 5101 imagines
1409 5010 1605 5077 multarum
1631 5000 1817 5074 virtutum,
1869 4999 2032 5095 Primum
2059 4993 2124 5066 ha.

98 5113 182 5172 sunt
196 5096 361 5169 distincta
382 5100 538 5180 annulo,
558 5124 637 5170 cum
654 5123 729 5167 non
744 5093 1060 5171 habeantcollum.
1137 5114 1224 5181 bens
1246 5111 1496 5204 prudentiam,
1534 5109 1617 5202 quia
1643 5101 1779 5174 habent
1801 5125 1944 5193 regem,
1977 5099 2034 5171 cui
2061 5099 2124 5169 obi
2245 5116 2248 5121 '

199 5200 260 5274 Vs.
281 5205 314 5273 l·
340 5194 521 5296 Protinus]
547 5200 773 5292 ΡῑθΡθῦῑῐῖθ,
805 5200 922 5269 (licam
944 5200 988 5269 de
1011 5201 1087 5292 epi·
1138 5227 1359 5306 temperant,
1384 5211 1573 5282 aedificant
1587 5206 1844 5288 domunculos,
1868 5198 2126 5274 iaciuuthera·

96 5306 164 5375 but
180 5318 215 5373 0²
229 5308 272 5374 de
289 5305 406 5376 melle·
467 5307 572 5375 ast't'lt'
586 5296 711 5398 milit]
726 5301 801 5372 Mel
817 5303 953 5375 titium
970 5315 1088 5387 V⁰⁶³b
1140 5339 1252 5409 gonos
1268 5318 1318 5386 ita
1334 5317 1502 5396 directos,
1522 5325 1563 5383 ut
1580 5332 1688 5381 nemo
1704 5309 1816 5403 possit
1829 5308 1944 5377 lacere
1960 5302 2126 5375 directio-

100 5464 312 5476 ·““’··’·
1140 5442 1218 5501 res,
1244 5417 1392 5487 mittunt
1418 5426 1552 5485 certam
1577 5409 1762 5485 cohortem
1785 5413 1831 5481 ad
1854 5409 2009 5502 agendas
2023 5426 2126 5476 excu-

135 5560 164 5626 ι)
182 5558 364 5630 tyronem]
378 5562 429 5614 ιι
444 5560 522 5613 suc
541 5556 630 5611 nuez
646 5550 797 5622 impete.
1141 5519 1240 5604 bias,
1264 5531 1331 5591 etc.
1391 5515 1530 5588 Deinde
1552 5514 1687 5588 habent
1706 5513 1901 5597 iustitiam,
1927 5508 2010 5605 quis
2035 5503 2126 5575 sedi-
