4762 6008
288 256 364 333 427
871 245 994 319 Pillls.
1030 244 1144 318 offa.
1173 244 1377 317 SCRH'TA
1409 242 1747 317 PHILOLOGICA.
2250 251 2327 331 m

291 425 476 525 ponticum
514 421 568 489 vel
596 416 856 488 rhabarbarum
888 443 1069 488 vocamus.
1144 414 1185 485 ld
1219 412 1277 485 hic
1330 416 1414 486 fixo.
1465 413 1514 485 Ει
1528 413 1619 485 sicut
1633 439 1717 506 apes
1735 412 1849 484 halitu
1865 414 2071 485 etmirabili
2089 417 2249 491 stridore
2273 424 2327 493 vi-

290 529 468 609 nascitur,
510 523 600 594 sicut
623 546 688 611 ego
712 518 854 610 Lipsiae
883 521 968 591 vidi.
1036 519 1277 589 Centaureum
1330 520 1475 588 vibcant
1488 543 1571 590 suos
1587 518 1722 609 pullos:
1750 517 1800 585 ita
1815 516 1971 588 Ecclesia
1989 519 2112 588 crescit
2133 523 2259 595 sonitu
2286 539 2325 597 et

290 633 411 703 minus
426 637 574 695 vocatur
588 621 800 694 Germanice
819 624 1104 713 tausentgnlden.
1155 620 1203 689 Et
1225 621 1278 688 di·
1330 622 1454 691 verbo.
1505 619 1633 690 Postea
1651 645 1694 689 ex
1710 620 2021 713 eqnisnascuntur
2046 623 2256 711 crabrones,
2286 629 2327 699 id

291 734 384 806 citur
405 740 633 799 centaureum
658 726 762 805 inde,
796 728 893 817 quod
921 724 996 794 eius
1020 747 1171 813 magnus
1194 747 1279 793 usus
1330 734 1405 807 cst,
1431 747 1474 793 ex
1490 718 1633 792 heroica
1651 722 1838 791 nobilitate
1852 721 1951 792 venit
1967 723 2121 813 degener
2138 728 2328 814 nobilitas,

291 848 343 909 est
366 832 404 899 in
427 827 594 919 curandis
617 826 836 897 vulneribus.
891 826 1132 897 Centaureum
1159 824 1278 895 minus
1330 828 1454 919 inqua
1471 824 1741 895 nonestvirtus
1765 824 1824 891 illa
1848 824 2051 907 maiorum,
2084 825 2175 895 sicut
2194 831 2328 905 ‚videtis

290 937 397 1010 etiam
422 924 641 1001 Chironeum
674 942 845 1012 vocatur,
889 930 973 1023 quia
1004 930 1128 998 dicunt
1151 923 1279 997 Chiro·
1330 951 1374 997 ex
1404 926 1717 1018 praestantissimis
1739 925 1958 1017 principibus
1980 938 2086 995 natos
2107 951 2182 999 csse
2206 925 2328 1001 homi·

288 1062 392 1121 nem,
425 1045 693 1124 praeceptorem
715 1027 885 1114 Achillis,
926 1044 1116 1102 centaurea
1138 1054 1278 1099 curasse
1330 1029 1670 1121 nesignavissimos.
1720 1024 1774 1094 llli
1790 1030 1980 1097 crabrones
1998 1041 2082 1097 sunt
2094 1026 2233 1101 inimici
2246 1034 2327 1125 api-

289 1164 353 1215 sua
378 1136 540 1205 vulnera.
608 1132 804 1227 Utriusque
836 1134 1016 1205 centaurei
1046 1147 1098 1204 est
1127 1156 1279 1223 magnus
1331 1133 1415 1215 bus,
1441 1130 1691 1226 quiaEcclesia
1707 1124 1814 1199 habet
1828 1129 1986 1221 duplices
2002 1126 2142 1217 hostes,
2170 1131 2323 1206 cenau-

289 1265 374 1315 usus
389 1238 427 1305 in
441 1236 661 1327 glutinandis
675 1236 894 1306 vulneribus.
962 1236 1154 1306 Praeterea
1175 1234 1279 1304 infe·
1330 1259 1391 1305 ros
1412 1247 1449 1304 et
1473 1228 1691 1326 hypocritas.
1758 1232 1929 1302 Centauri
1952 1246 2036 1303 sunt
2058 1236 2227 1325 tyranni,
2258 1238 2322 1331 qui

288 1345 412 1417 bribus
430 1339 624 1408 maximam
644 1337 717 1405 vim
733 1334 878 1407 habent.
1330 1337 1517 1429 manifesta
1540 1336 1577 1404 vi
1598 1347 1827 1427 oppugnant,
1857 1348 1898 1403 ιιι
1917 1333 2037 1420 Nero,
2070 1347 2138 1411 etc.
2198 1336 2323 1433 Hypo-

390 1440 452 1514 Vs.
478 1440 567 1516 271.
604 1443 751 1533 Aurelio]
783 1440 910 1511 Nullus
932 1452 985 1509 est
1007 1447 1178 1530 scriptor,
1216 1437 1279 1531 qui
1330 1438 1441 1508 critae
1456 1452 1540 1508 sunt
1552 1434 1718 1506 monachi
1737 1449 1773 1505 et
1789 1437 1941 1521 similes,
1976 1438 2040 1531 qui
2061 1451 2188 1509 serunt
2210 1440 2324 1533 impia

288 1548 398 1619 faciat
421 1544 643 1612 mentionem
667 1538 773 1614 huius
793 1542 893 1614 lloris
916 1554 1062 1633 excepto
1079 1539 1278 1610 Columella
1330 1543 1520 1632 dogmata,
1545 1552 1581 1609 et
1595 1539 1795 1619 adsciscunt
1807 1540 1877 1609 sibi
1892 1533 2101 1625 cohortem,
2126 1553 2168 1613 ut
2183 1543 2324 1634 possint

289 1663 325 1721 et
337 1644 505 1737 Virgilio.
557 1644 771 1715 Hermolaus
786 1644 969 1715 Barbarus
986 1657 1088 1736 putat
1102 1666 1176 1715 esse
1199 1665 1279 1733 spe·
1331 1643 1423 1714 tueri
1436 1667 1537 1714 suam
1556 1642 1797 1733 impietatem,
1828 1641 1910 1735 quia
1927 1638 2034 1714 ludas
2053 1667 2194 1734 semper
2213 1641 2326 1715 babet

290 1754 379 1823 ciem
397 1747 716 1839 camamyllorum,
743 1771 835 1840 quae
854 1757 996 1815 vocant.
1330 1770 1431 1816 suam
1449 1740 1646 1815 cohortem.
1697 1743 1797 1814 Talis
1813 1739 1942 1813 cohors
1963 1758 2016 1814 est
2039 1748 2192 1834 degener
2215 1747 2326 1817 nobi·

391 1848 452 1919 Vs.
470 1845 558 1922 275.
587 1843 717 1946 tanae]
745 1848 869 1932 idest,
894 1848 980 1917 solia
998 1847 1186 1918 imitantur
1201 1846 1278 1917 vio·
1330 1849 1423 1919 litas.
1461 1846 1516 1917 Ex
1531 1847 1638 1918 asinis
1654 1857 1849 1917 nascuntur
1863 1847 2033 1931 scarabei,
2060 1847 2111 1915 illi
2126 1847 2195 1938 ipsi
2209 1849 2326 1940 signi-

290 1959 360 2040 las,
387 1976 481 2044 quae
499 1962 584 2020 sunt
598 1974 814 2040 purpureae.
1148 2030 1151 2035 ,
1330 1950 1437 2021 licant
1452 1946 1657 2043 hypocritas
1674 1961 1709 2018 et
1731 1945 1939 2021 monachos.
1989 1947 2037 2019 Et
2056 1951 2181 2019 dicunt
2200 1975 2324 2021 scara-

390 2052 452 2123 Vs.
468 2052 557 2127 276.
587 2046 791 2149 Tarquitus]
818 2053 944 2139 idest,
969 2048 1125 2140 coronis,
1330 2054 1438 2123 beum
1463 2076 1536 2122 esse
1562 2075 1705 2143 pugnax
1732 2051 1887 2134 animal,
1927 2064 2109 2121 armatum
2138 2053 2335 2139 cornibus,

391 2155 452 2224 Vs.
467 2155 556 2229 277.
583 2158 749 2244 Aspersa
769 2180 827 2225 ore
847 2156 964 2244 sopor]
990 2152 1084 2223 Octo
1101 2161 1193 2233 ,sunt
1216 2174 1279 2242 ap-
1331 2154 1458 2238 idest,
1483 2179 1527 2223 cx
1541 2149 1737 2248 hypocritis
1753 2154 1852 2223 venit
1864 2153 1959 2223 istud
1973 2178 2084 2245 genus
2105 2154 2324 2245 persecutio·

289 2248 503 2353 pellationes
538 2279 738 2347 saporum,
786 2279 877 2351 qnae
912 2267 996 2324 sunt
1028 2257 1210 2345 regulares
1244 2264 1280 2322 et
1330 2281 1438 2340 num,
1465 2259 1562 2351 quod
1585 2258 1696 2326 multo
1719 2257 1834 2347 magis
1859 2269 1965 2327 nocet
1980 2256 2178 2341 Ecclesiae,
2210 2281 2322 2352 quarn

287 2359 513 2456 praecipuae.
568 2359 603 2429 1.
629 2356 773 2444 Dulcis,
799 2359 934 2429 Graece
952 2351 1110 2454 γλυκὺς,
1133 2368 1174 2427 ut
1195 2354 1278 2437 mel,
1331 2358 1514 2431 Centauri.
1566 2359 1619 2429 Ex
1632 2371 1777 2429 mortuo
1795 2354 1938 2429 Christo
1954 2361 2147 2429 evolarunt
2160 2360 2322 2452 ingentia

288 2467 437 2534 vinum.
492 2464 529 2534 Β.
553 2459 722 2551 Pinguis,
757 2461 865 2552 vulgo
887 2472 1103 2543 unctuosus,
1142 2458 1279 2528 Graece
1331 2464 1474 2555 agmina
1493 2486 1622 2553 apum,
1649 2462 1687 2529 id
1711 2474 1783 2547 est,
1808 2460 2046 2553 Evangelium
2062 2459 2196 2533 Christi
2217 2486 2323 2556 spar-

288 2559 460 2661 λιιιαρὸς,
492 2574 534 2632 ut
558 2564 696 2647 oleum,
721 2565 903 2656 butyrum.
956 2561 992 2631 3.
1019 2560 1193 2643 Amarus,
1219 2583 1279 2631 nt·
1331 2592 1409 2637 sum
1427 2577 1481 2635 est
1496 2589 1561 2657 per
1578 2577 1693 2634 totum
1711 2565 1834 2632 orbem
1851 2577 2043 2643 terrarum.

287 2664 396 2763 κρὸς,
423 2664 624 2737 sonnatius
639 2665 754 2749 dulci,
778 2678 819 2735 ut
834 2665 899 2747 tel,
923 2662 1072 2733 nitrum.
1114 2660 1151 2734 4.
1173 2662 1279 2745 Acer,
1380 2734 1383 2739 ,
1430 2666 1492 2738 Vs.
1507 2668 1596 2745 288.
1630 2670 1972 2760 Arcaditmops'rtrs]
1996 2668 2128 2752 idest,
2153 2666 2322 2740 Aristaei.

289 2770 426 2841 Graece
442 2761 596 2861 δριμὺς,
623 2780 664 2837 ut
679 2766 801 2859 piper,
828 2766 994 2859 zinziber.
1047 2760 1083 2838 5.
1108 2765 1279 2847 Acerbus,
1329 2769 1415 2840 Fuit
1430 2769 1537 2841 etiam
1554 2794 1646 2840 unus
1660 2794 1702 2841 ex
1717 2770 2027 2861 praestantissimis
2042 2770 2193 2840 ducibus
2208 2770 2323 2839 Grae·

291 2873 399 2961 vulgo
413 2868 597 2953 Ponticus,
623 2870 708 2937 item
726 2870 900 2962 stipticus,
926 2868 1063 2938 Graece
1078 2864 1279 2964 στρυφνὸς,
1331 2872 1429 2955 ciac,
1454 2898 1561 2967 quem
1578 2872 1892 2944 dicuntinveuisse
1908 2872 2026 2943 mella.
2075 2869 2161 2941 Fuit
2182 2870 2322 2963 aliquis

289 2985 331 3043 ut
348 2970 462 3040 acatia
478 2972 609 3054 sorba,
633 2970 760 3056 idest,
785 2995 894 3063 poma
918 2969 1132 3053 immatura,
1158 2993 1278 3038 nuces.
1330 2974 1478 3046 celebris
1495 2975 1678 3067 princeps,
1704 2977 1768 3069 qui
1787 2999 1844 3046 res
1859 2998 2004 3066 magnas
2020 2972 2145 3065 gessit,
2169 2973 2241 3042 luit
2261 2997 2321 3043 sa·

288 3076 326 3147 6.
353 3072 505 3156 Acidus‚
531 3074 668 3144 Graece
685 3069 792 3165 ὀξὺς,
816 3073 924 3164 vulgo
941 3083 1121 3155 seclusus,
1148 3083 1279 3141 utace·
1332 3079 1434 3170 piens
1450 3080 1682 3167 gubernator·

289 3190 367 3248 tosa
383 3170 509 3244 herba.
562 3174 597 3246 7.
622 3175 816 3259 Austerus,
842 3176 979 3245 Graece
996 3168 1202 3269 αὐστηρὸς,
1227 3183 1279 3242 est
1391 3210 1395 3215 ·
1431 3177 1597 3254 Vs.285.
1626 3182 1772 3273 tulerit]
1799 3180 1924 3265 idest,
1948 3177 2192 3272 progenuerit.

196 3360 210 3375 η
291 3278 431 3347 vicinus
447 3276 598 3360 acerbo,
624 3290 665 3347 ut
679 3290 763 3348 sunt
777 3277 860 3346 vina
878 3289 1031 3347 austera.
1084 3276 1121 3363 8.
1147 3274 1279 3359 Sabus,
1434 3283 1599 3358 Vs.287.
1639 3288 1730 3356 Nam
1754 3279 1842 3380 pira]
1873 3283 1911 3351 id
1944 3297 2016 3368 est,
2053 3278 2125 3353 hoc
2156 3280 2250 3353 solet
2280 3279 2321 3348 in

288 3374 456 3475 ἆλμυρὶς
469 3379 626 3461 Graece,
653 3393 719 3449 etc.
1019 3458 1024 3467 ,
1182 3430 1185 3435 -
1330 3385 1494 3477 Aegypto
1525 3386 1614 3455 lieri.
1740 3388 1885 3477 Canope]
1919 3385 2055 3457 Civitas
2080 3386 2118 3454 in
2144 3383 2322 3475 Aegypto.

388 3479 555 3555 V⁸·278·
580 3475 787 3578 ΜΘῙῙΜΙἿ]
809 3480 844 3548 ld
861 3493 933 3563 ²⁸1,
959 3478 1089 3549 G³lll⁰l
1108 3477 1278 3551 flumlsslt·
1331 3488 1439 3558 Pelles·
1450 3483 1520 3585 1“)]
1550 3488 1673 3570 idest,
1699 3488 1953 3573 Alexandrini,
1986 3489 2044 3559 vel
2066 3487 2184 3579 potius
2200 3485 2321 3554 Mace·

388 3583 449 3655 Vs·
466 3585 554 3659 281.
579 3588 651 3656 Sed
667 3589 700 3654 si
714 3584 826 3678 quem]
846 3582 900 3652 De
915 3581 1140 3653 restitutione
1157 3606 1279 3674 apum,
1331 3588 1473 3674 donici,
1500 3591 1560 3659 ubi
1576 3604 1814 3679 regnaverunt
1831 3590 2053 3662 Macedonici
2070 3614 2167 3680 reges
2180 3585 2254 3655 orti
2274 3611 2320 3656 ex

287 3688 438 3782 quando
451 3687 594 3779 penitus
609 3686 784 3755 extinctae
798 3698 894 3757 sunt.
953 3684 1072 3754 Etiam
1096 3684 1134 3753 iu
1158 3683 1279 3776 parvis
1330 3690 1451 3776 Pella,
1477 3693 1612 3784 oppido
1627 3690 1872 3763 Macedoniae.
1923 3691 2000 3764 lllic
2021 3715 2163 3788 quoque
2188 3712 2320 3780 regua-

285 3790 392 3887 rebus
417 3789 594 3860 mirabilis
612 3789 839 3881 providentia
860 3786 931 3857 Dei
958 3786 1196 3878 conspicitur,
1238 3798 1279 3857 ut
1331 3793 1640 3878 vitPtolemaeus‚
1667 3798 1731 3865 der
1748 3798 1806 3866 cin
1822 3793 2126 3888 bastartl'hitippi
2142 3794 2187 3865 ist
2199 3815 2321 3885 gewe-

287 3893 548 3962 admoneamur
576 3888 670 3961 hanc
703 3907 870 3962 naturam
902 3915 977 3960 non
1002 3890 1156 3962 extitisse
1183 3913 1291 3961 casu·
1329 3919 1405 3967 sen.
1455 3897 1620 3989 Regnum
1637 3898 1808 3990 Aegypti,
1841 3898 1888 3969 ist
1913 3900 1970 3969 die
1997 3911 2075 3993 zeyt
2097 3901 2161 3969 das
2185 3895 2321 3986 gewal-

285 3992 344 4063 sic
360 3996 535 4089 quaedam
554 3995 768 4083 animalcula
785 4005 981 4066 nascuntur
1006 3992 1165 4062 mirabili
1189 4017 1280 4086 quo·
1331 3998 1434 4089 tigest
1462 4025 1613 4091 regnum
1643 4025 1809 4093 gevvesen
1841 4002 1956 4073 ueben
1987 4004 2058 4073 den
2083 3994 2318 4081 Monarchiis,

287 4096 518 4179 dammodo,
544 4110 585 4166 ut
607 4120 691 4186 apes
715 4119 758 4163 ex
782 4120 866 4163 rore
892 4096 1063 4175 collecto,
1096 4094 1154 4162 cui
1179 4095 1278 4181 incu—
1330 4098 1542 4175 sicuthodie
1563 4129 1712 4197 reguum
1731 4103 1882 4175 Galliae.
1981 4087 1987 4097 ⁸

285 4196 377 4267 bant
407 4197 448 4266 in
479 4197 553 4267 suis
587 4197 835 4278 domunculis,
880 4195 972 4265 sicut
1001 4194 1154 4283 gallinae
1188 4196 1277 4265 ovis.
1433 4206 1493 4281 V„
1510 4207 1597 4281 289,
1633 4203 1868 4305 magalath]
1904 4207 1940 4277 id
1962 4221 2035 4291 est,
2068 4205 2236 4279 lintribus
2260 4205 2319 4276 vel

285 4294 373 4364 Inde
404 4297 564 4367 nascitur
591 4297 750 4389 primum
780 4296 927 4392 quidam
956 4297 1191 4381 vermiculus,
1235 4322 1278 4369 ex
1330 4309 1476 4400 cymbis,
1553 4315 1628 4381 Sua
1648 4313 1751 4404 rura]
1779 4311 1872 4402 Quia
1890 4311 1928 4380 in
1941 4314 2104 4404 Aegypto
2120 4334 2195 4380 non
2211 4309 2319 4401 pluit,

283 4421 359 4492 (1¹¹⁰
376 4412 500 4489 1³⁰⁸&ss
516 4400 556 4467 fil
571 4401 660 4491 apl&
717 4397 788 4469 lis
812 4412 864 4470 081
885 4399 1069 4469 ordlffitrlss
1092 4401 1276 4491 generatio
1328 4409 1470 4497 sicut'in
1481 4410 1766 4483 Deuteronomio
1783 4415 1890 4484 etiam
1908 4415 2119 4496 ostenditur,
2142 4412 2319 4483 sedNilus

286 4524 408 4593 apum.
460 4500 608 4573 Praeter
622 4497 716 4572 hanc
732 4517 784 4574 est
803 4502 1108 4587 extraordinaria,
1139 4504 1201 4575 ubi
1225 4505 1277 4572 vi·
1329 4514 1434 4583 certi.
1458 4514 1680 4604 temporibus
1702 4520 1879 4601 exundat,
1921 4532 1956 4587 ει
1976 4518 2045 4587 5115,
2064 4513 2320 4586 exundationi.

286 4603 414 4673 delicet
437 4627 523 4696 apes
546 4619 740 4677 nascuntur
763 4632 806 4677 ex
825 4607 917 4675 bove
937 4607 1157 4698 putrefacto,
1191 4632 1276 4677 eon·
1328 4616 1393 4684 bus
1417 4628 1511 4685 terra
1533 4618 1708 4688 foecunda
1732 4621 1783 4692 fit.
1851 4619 2035 4691 Interdum
2057 4643 2131 4689 nou
2154 4619 2320 4687 exundat

284 4706 377 4776 iecto
393 4703 433 4773 in
451 4708 607 4801 aliquem
631 4710 751 4778 locum
775 4711 954 4793 clausum,
989 4708 1052 4778 ubi
1076 4710 1191 4801 putris
1215 4735 1276 4779 va·
1327 4718 1429 4789 Nilus
1444 4745 1509 4791 sno
1527 4735 1708 4814 tempore,
1741 4738 1776 4795 ct
1799 4736 1883 4795 tnnc
1903 4727 2015 4796 fames
2041 4722 2244 4816 impendet,
2276 4733 2317 4791 ut

283 4832 353 4899 por
368 4833 445 4878 non
459 4823 578 4902 potest
591 4809 770 4909 exlnilarc.
822 4812 892 4882 Sed
910 4812 960 4881 ibi
981 4826 1067 4883 sunt
1089 4816 1274 4884 addendae
1328 4825 1548 4914 temporibus
1574 4824 1716 4917 losephi
1740 4841 1775 4897 et
1798 4827 1960 4898 Traiani.
2022 4826 2087 4896 Est
2115 4825 2221 4918 plane
2246 4819 2317 4894 hoc

282 4904 416 4981 herbae
434 4916 636 5006 quaedam,
661 4928 702 4985 ut
725 4911 870 5010 thymus
895 4914 1028 5000 casiae,
1060 4928 1101 4986 ut
1123 4916 1189 4989 iste
1214 4942 1274 4986 va·
1326 4923 1538 4997 miraculum
1562 4929 1738 4999 divinum.
1805 4930 1894 5000 Post
1916 4927 2124 5001 Caniculam
2151 4952 2233 4999 cum
2263 4939 2315 4997 est

220 5038 223 5043 ·
282 5035 352 5102 por
366 5025 598 5107 temperetur.
648 5017 766 5104 Haec,
799 5019 890 5091 sicut
910 5018 1072 5110 proxime
1094 5020 1187 5105 dixi,
1221 5032 1273 5090 est
1324 5052 1463 5099 summa
1492 5031 1639 5100 ariditas
1674 5031 1713 5099 in
1741 5032 1906 5103 omnibns
1936 5032 2044 5116 locis,
2092 5045 2179 5104 tuuc
2210 5029 2315 5103 Nilus

282 5108 523 5204 pulcherrima
541 5119 660 5214 imago
677 5136 711 5191 et
727 5123 865 5216 pictura
881 5119 1080 5211 Ecclesiae,
1106 5146 1199 5214 quae
1220 5136 1272 5193 est
1323 5136 1499 5216 exundat,
1547 5145 1584 5202 et
1614 5132 1739 5222 irrigat
1767 5158 1890 5225 agros,
1932 5136 2096 5205 videlicet
2130 5136 2194 5205 illo
2223 5145 2314 5203 tcm-

282 5225 370 5283 nata
393 5240 437 5286 ex
456 5218 548 5291 bove
571 5235 748 5310 mactato,
782 5225 820 5293 id
837 5236 908 5310 est,
941 5247 984 5293 ex
999 5218 1142 5313 Christo
1158 5226 1271 5295 cruci·

1416 5294 1442 5303 ι-
1454 5294 1461 5301 ι
1471 5292 1532 5304 mu·-

281 5370 498 5393 ’””““““““”
1357 5375 1404 5441 18)
1425 5376 1529 5434 Pettet]
1547 5374 1588 5424 sto
1606 5376 1656 5425 Ed.
1669 5375 1760 5439 latta
1785 5378 1836 5428 ns.
1855 5378 1992 5441 Wagner.
2017 5378 2135 5433 Pettaet.

107 5444 111 5449 '
236 5460 239 5465 ⁴
319 5448 367 5517 17)
384 5450 506 5518 Μαι]
526 5453 570 5506 ste
583 5456 635 5521 η
649 5414 744 5522 luds
762 5456 815 5525 ltd.
832 5458 1106 5527 wagasatiam.
1277 5462 1282 5479 ’
1356 5458 1803 5525 reymetshussenn,
1825 5462 1876 5512 Ιιιι
1895 5462 2036 5527 wagner.
2052 5460 2168 5527 faetta.
