4762 6008
101 294 175 364 701

154 461 294 553 Quibus
308 471 446 527 :nentes
460 457 664 525 alanturab
679 455 922 538 incunabulis,

155 563 389 631 Honestatem
409 572 450 628 ut
463 582 551 649 prae
568 557 700 627 cunctis
718 557 859 651 penitus
876 557 1051 639 induant,

154 664 361 755 Mundeque
378 660 517 742 dicant,
544 672 579 729 et
593 660 789 753 loquantur
805 660 1011 750 splendide,

154 765 350 855 Utriusque
368 786 409 830 ex
423 758 537 831 isthoc
552 774 719 830 naturam
736 761 805 830 sibi
821 760 974 840 sacient,

107 931 110 935 .
152 866 311 936 Proinde
328 872 410 948 vos,
437 864 535 957 quod
552 863 647 933 ultro
666 862 845 952 coepistis,
871 865 952 931 date

154 967 334 1057 Operam,
360 977 475 1036 vestra
493 964 741 1033 benevolentia
757 988 823 1033 nos
839 976 879 1033 ut
894 962 1038 1043 excitet,

153 1067 447 1159 luventuiemque
463 1079 575 1135 totam
591 1066 815 1137 litterariam.

155 1172 213 1241 Sic
227 1195 290 1239 vos
306 1167 367 1236 Dii
385 1167 505 1236 multis
520 1181 673 1257 augeant
689 1162 907 1249 honoribus,

154 1272 200 1340 Et
214 1269 395 1363 perpetuis
408 1270 527 1339 felices
543 1271 781 1337 condecorent
793 1268 910 1338 bonis.

153 1374 258 1445 Nunc
275 1396 384 1464 quam
400 1373 513 1441 acturi
534 1394 656 1441 sumus
672 1370 836 1439 Terentii
850 1368 1007 1437 fabulam
1016 1365 1086 1461 85),

153 1475 291 1544 Ordine
307 1472 423 1563 prima
441 1485 512 1554 est,
539 1485 644 1542 autor
658 1496 791 1541 nomen
806 1467 1086 1549 deditAndriae,

155 1575 286 1659 Cuius,
310 1574 436 1643 nediu
454 1599 516 1643 vos
533 1576 733 1657 detineam,
758 1571 958 1663 cognoscite

152 1678 263 1747 Vetus
278 1687 526 1766 argumentum
544 1676 703 1746 versibus
719 1675 950 1767 paucissimis.

230 1844 360 1914 Alius
387 1844 433 1910 in
460 1844 646 1912 eandem
674 1840 950 1936 eiusdem¹⁶).

155 1979 299 2049 Comica
316 1980 465 2047 debetur
481 1977 608 2045 merito
627 1977 689 2045 tibi
706 1977 849 2066 palma,
874 1975 1036 2055 Terenti,

153 2081 271 2150 Tanta
288 2080 396 2148 etiam
413 2080 533 2170 parvis
547 2080 659 2169 gratia
677 2079 782 2147 rebus
799 2079 900 2147 inest.

125 2261 310 2336 Scholia
346 2278 388 2332 et
420 2267 697 2352 Argumenta
738 2263 785 2329 in
818 2264 1057 2351 prologum

323 2365 625 2455 singulasque
652 2362 880 2454 scenas²⁷).

334 2514 521 2602 Prologus.
585 2512 857 2602 Argumentum.

202 2647 379 2739 Prologus
407 2642 466 2716 hic
495 2645 664 2716 relativus
692 2658 761 2730 est,
804 2639 950 2739 quando
976 2644 1085 2713 male-

100 2752 193 2823 dicta
225 2750 264 2817 in
293 2748 534 2819 adversarium
565 2761 789 2839 regeruntur.
862 2746 1081 2817 Exordium:

101 2854 179 2943 cogi
194 2877 230 2921 se
247 2852 292 2918 ad
305 2852 592 2943 respondendum
617 2850 835 2921 adversario.

201 2954 262 3022 Vs.
278 2950 313 3021 6.
322 2953 370 3043 ²⁸)
405 2954 577 3044 operam]
606 2956 748 3040 operam
770 2952 856 3042 legit
877 2948 1082 3019 Diomedes.

99 3062 191 3125 Nam
208 3061 245 3122 iu
257 3050 433 3151 prologis]
446 3054 581 3124 Vitium
595 3068 723 3144 poetae
740 3055 928 3123 obiectum.
978 3049 1039 3120 Vs.
1048 3051 1083 3120 9.

99 3151 322 3251 Menander]
349 3156 530 3226 Narratio.
613 3155 673 3225 Vs.
691 3154 749 3224 17.
776 3157 916 3226 Pariunt
932 3152 1082 3247 ussewi]

98 3257 177 3327 Nae
202 3281 269 3347 pro
293 3258 409 3326 valde.
526 3255 585 3325 Vs.
604 3258 661 3327 18.
694 3261 761 3341 Qut
783 3249 912 3352 girum]
947 3253 1083 3345 Purgat

100 3359 281 3448 exemplis.
346 3357 406 3430 Vs.
421 3364 482 3433 22.
509 3358 678 3448 Dehinc]
697 3358 858 3428 Modesta
876 3355 1083 3424 maledicto-

99 3483 179 3529 rum
196 3461 416 3549 imprecatio.
528 3459 588 3531 Vs.
605 3459 668 3534 24.
695 3456 843 3555 Favete]
869 3458 924 3525 Ab
942 3458 1082 3526 audito-

98 3562 198 3630 ribus
210 3564 371 3630 favorem
389 3576 519 3653 captat.
623 3561 682 3629 Vs.
697 3564 758 3634 27.
791 3561 1017 3651 ExigertdaeJ
1044 3560 1081 3627 id

99 3676 172 3743 cst,
217 3664 479 3752 explodendae,
520 3677 560 3731 ut
593 3664 630 3731 in
653 3662 809 3754 Hecyra:
844 3663 930 3730 Sum
958 3684 1081 3729 carum

99 3774 253 3832 exactus.

332 3928 442 3999 Actus
457 3925 485 3997 l.
512 3928 623 3996 Scena
640 3926 667 3996 l.
690 3928 838 4018 Argum.

198 4063 297 4133 Simo
314 4077 436 4133 narrat
454 4064 582 4133 liberto
597 4063 715 4156 primo
729 4059 917 4131 honestam
943 4063 1008 4131 lilii
1028 4062 1081 4132 vi-

94 4181 190 4249 tam,
216 4166 344 4235 deinde
361 4166 587 4235 amatoriam.
643 4163 699 4234 Ad
726 4178 946 4257 postremum
971 4165 1079 4235 etiam

93 4268 222 4359 aperit,
245 4294 319 4362 quo
337 4269 485 4340 consilio
503 4292 539 4339 se
555 4271 724 4337 daturum
741 4268 791 4335 illi
808 4290 955 4336 uxorem
970 4268 1080 4338 simu-

92 4372 173 4438 lare
193 4371 367 4440 statuerit.

95 4509 299 4525 m

126 4568 175 4633 211)
192 4571 327 4628 tabulam]
345 4568 387 4617 sio
403 4565 517 4629 Prologl
534 4568 617 4628 aliq,
647 4568 711 4618 liei.
730 4570 799 4628 opu.
817 4567 902 4619 linsil.
921 4570 975 4633 V.,
1005 4572 1080 4620 (1η.

161 4640 245 4702 taus,
265 4640 373 4687 'lerant
382 4637 432 4685 Ed.
443 4635 536 4695 taam
553 4636 636 4687 liditt.
645 4636 768 4699 tatuit,
789 4636 877 4697 tosa,
897 4638 1078 4691 1518111113

162 4708 294 4756 subtilem.

123 4791 174 4849 2⁶)
193 4791 391 4851 eiusdem1slo
410 4788 746 4849 remuneratiorem..
767 4788 852 4848 lm,
873 4789 961 4847 1818..
981 4790 1077 4856 tatt.;

157 4860 188 4910 ln
204 4862 268 4911 Mel.
286 4863 355 4921 ooo.
374 4859 458 4910 iiasil.
478 4858 512 4907 V.
531 4860 559 4907 et
576 4857 649 4919 apud
666 4858 796 4907 Gratius.
822 4858 891 4908 baec
908 4870 962 4908 vox
979 4859 1075 4924 aaut,

158 4927 186 4976 in
204 4928 333 4990 Prologis
351 4928 415 4989 aliq.
433 4926 477 4975 hic
496 4927 631 4987 Prologus
650 4936 703 4974 nou
728 4924 883 4987 iuvenitur3
913 4937 930 4975 a
950 4928 1072 4977 Vincen-

158 4996 197 5044 tio
215 4998 266 5044 hoc
283 4996 418 5044 distichon
437 4995 529 5055 aptius
547 4993 723 5043 inscribitur:
755 4993 929 5055 Epigramma
946 4994 1076 5057 Philippi.

122 5077 173 5137 27)
192 5081 265 5128 llaec
281 5091 387 5140 argum.
408 5082 436 5127 et
455 5078 559 5128 scholia
579 5080 606 5127 iu
628 5080 690 5128 Ter.
708 5078 748 5127 Vl
765 5079 919 5127 comoedias
938 5092 972 5129 ex
988 5081 1073 5130 aelst.

159 5148 300 5209 1811111,
321 5146 412 5208 1511,
432 5146 523 5210 lolii,
548 5146 637 5209 im,
656 5146 731 5196 1581.
749 5146 979 5206 asseruissent.

121 5230 171 5296 28)
191 5233 248 5281 llos
267 5243 396 5280 versuum
417 5240 560 5290 numeros,
592 5230 689 5291 quilius
706 5230 772 5279 illae
791 5230 873 5280 lldltt.
892 5234 1004 5297 carent,
1037 5246 1072 5283 ex
1128 5254 1132 5263 ·

155 5302 208 5419 pta.
225 5298 403 5415 adeodatam,
427 5308 506 5358 quan
524 5298 701 5349 erravit-lto.
719 5298 854 5348 Vollbehr
871 5296 975 5363 (llllire
993 5302 1071 5355 tota.

175 5407 181 5419 .
215 5379 233 5417 8
252 5380 307 5417 neri
327 5380 361 5419 Sl,
959 5400 962 5405 -

120 5452 169 5521 19)
185 5367 401 5517 ll'aciontpm]
420 5450 462 5501 rio
479 5450 546 5502 illae
563 5450 649 5500 litlitt
692 5452 742 5503 Et.
760 5450 853 5503 Vollb.
871 5452 1045 5508 Faciuntne.

383 286 486 359 XCll.
544 283 827 358 ENARRATIO
862 283 1225 357 couonnlxltuu
1260 283 1502 357 Tanaum
1557 284 1842 379 1111111111.

2051 287 2125 365 702

1239 454 1301 524 Vs.
1326 459 1358 525 1.
1404 460 1469 525 Vos
1490 452 1646 551 isthaec]
1674 458 1750 526 llic
1770 457 1946 546 prolatica
1970 482 2123 548 persona

1139 555 1338 642 inducitur,
1363 556 1463 625 Sosia
1476 559 1628 641 scilicet,
1655 584 1746 651 quae
1763 560 1930 649 deinceps
1945 582 2121 653 nusquam

1138 670 1299 748 apparet.
1401 656 1461 727 Vs.
1478 659 1513 729 8.
1539 654 1824 756 Epoportquam]
1851 658 2000 727 Exordii
2016 662 2123 731 bene-

1139 760 1294 827 volentia
1329 783 1348 826 a
1380 760 1516 830 meritis
1548 775 1721 852 captatur.
1848 758 1909 829 Vs.
1940 764 2001 834 21.
2039 766 2124 832 llem

1138 856 1299 955 omnem]
1327 859 1533 952 Propositio
1549 864 1698 934 consilii.
1783 859 1843 932 Vs.
1863 861 1925 935 24.
1951 869 2044 934 Nam
2059 859 2122 959 ic]

1138 961 1327 1044 Narratio,
1354 987 1446 1054 quae
1462 964 1608 1055 exponit
1629 989 1769 1034 amores
1794 965 1913 1053 gnati,
1948 978 1984 1035 et
2007 966 2123 1034 consi-

1138 1062 1226 1131 lium
1258 1087 1361 1133 suum
1389 1066 1433 1132 de
1463 1066 1616 1157 nuptiis.
1674 1065 1739 1137 Est
1760 1079 1878 1136 autem
1908 1066 2122 1157 amplificata

1119 1165 1301 1233 'narratio
1333 1166 1576 1239 occasionibus
1609 1168 1786 1239 omnihus.
1885 1165 1946 1238 Vs.
1971 1168 2031 1238 80.
2065 1170 2123 1239 Ad

1135 1262 1375 1364 philosophos]
1395 1268 1546 1361 Eclipsis
1561 1281 1613 1339 est
1630 1250 1867 1348 Terentiana;
1894 1282 2011 1360 potest
2025 1270 2122 1337 enim

1138 1368 1372 1457 subintelligi:
1401 1371 1561 1441 animum
1577 1371 1777 1461 applicare,
1801 1371 1910 1441 adire.
1982 1369 2043 1439 Vs.
2060 1368 2121 1440 48.

1137 1466 1415 1566 Herculanae]
1442 1473 1557 1541 Alias:
1584 1475 1648 1542 auc
1667 1470 1880 1565 viciniorem).
1983 1471 2043 1542 Vs.
2059 1472 2121 1543 47.

1137 1566 1324 1667 Primum]
1350 1573 1466 1642 Nemo
1482 1588 1627 1664 repente
1643 1575 1710 1645 suit
1728 1573 1969 1664 turpissimus:
1996 1577 2123 1661 grada-

1138 1672 1202 1739 tim
1227 1676 1321 1741 enim
1346 1675 1385 1741 in
1407 1675 1494 1744 vitia
1517 1676 1683 1746 labimur.
1783 1673 1845 1745 Vs.
1861 1675 1923 1746 86.
1959 1680 2123 1748 Observa-
2199 1722 2204 1729 -

1137 1770 1245 1869 ium]
1269 1775 1445 1846 Sedulitas
1469 1790 1620 1867 paterna
1645 1802 1727 1869 erga
1750 1779 1874 1847 lilium.
1983 1777 2043 1847 Vs.
2061 1778 2123 1847 61.

1137 1878 1331 1966 Symbolum
1340 1872 1417 1973 ⁸¹).]
1434 1876 1499 1948 Est
1515 1902 1665 1969 parvum
1681 1881 1874 1961 numisma,
1901 1893 1963 1947 aut
1978 1878 2121 1963 signum

1138 1978 1304 2068 aliquod,
1329 1991 1369 2048 ut
1383 1982 1548 2051 annulus.
1630 1979 1691 2051 Vs.
1708 1981 1769 2051 64.
1795 1976 2020 2076 Spectatum]
2045 1979 2122 2050 tna-

1138 2071 1313 2174 φώνημα.
1378 2078 1438 2150 Vs.
1456 2078 1516 2151 65.
1546 2078 1809 2177 continentiae]
1838 2080 2019 2172 Pamphili
2036 2105 2121 2149 con-

1137 2182 1300 2250 tinentia.
1369 2179 1430 2252 Vs.
1446 2183 1507 2254 86.
1532 2187 1685 2254 Humani
1698 2179 1859 2280 ingemi]
1882 2184 1982 2255 Simo
1995 2180 2122 2252 huma-

1137 2282 1241 2350 nitati
1255 2282 1345 2353 lalro
1360 2285 1558 2374 adscripsit,
1585 2288 1682 2378 quod
1696 2300 1775 2355 erat
1788 2285 1932 2355 amoris.
1990 2283 2122 2355 Vallo.

1080 2426 1086 2443 ι
1136 2385 1241 2451 Imus.
1288 2382 1382 2451 Mira
1407 2388 1580 2456 orationis
1601 2389 1768 2457 brevitas.
1868 2386 1929 2457 Vs.
1947 2386 2008 2457 98.
2035 2391 2123 2457 Per·

1137 2486 1246 2552 culrii.
1293 2481 1443 2555 loannes
1458 2486 1583 2556 Rivius
1594 2486 1814 2581 persimili)
1840 2488 2027 2577 legendum
2046 2510 2120 2557 esse

1138 2585 1333 2654 contendit.
1460 2585 1522 2656 Vs.
1551 2587 1636 2657 105.
1673 2585 1968 2684 Dissimulaium]
2004 2588 2118 2656 Amor

1136 2681 1317 2777 Pamphili
1342 2711 1425 2779 erga
1442 2688 1647 2781 Glycerium
1672 2692 1848 2782 proditur.
1953 2689 2012 2761 Vs.
2033 2692 2117 2762 122.

1134 2792 1246 2879 Negat
1261 2783 1343 2885 ³³).]
1373 2785 1542 2861 Chremes
1569 2815 1740 2883 generum
1763 2795 1915 2863 abdicat.
2022 2797 2119 2865 Gua-

1135 2886 1252 2986 luml]
1277 2888 1438 2982 Eclipsis.
1514 2891 1576 2962 Vs.
1593 2894 1677 2966 128.
1704 2890 1927 2989 Sipropier]
1955 2894 2118 2963 Prudens

1136 2991 1293 3062 Simonis
1310 2994 1510 3065 consilium.
1602 2994 1662 3065 Vs.
1682 2994 1764 3064 187.
1787 3000 1887 3065 Mula
1902 2988 2023 3089 arcena]
2050 2997 2118 3065 Ar-

1136 3108 1344 3182 gumentum
1364 3110 1539 3165 anatura.
1643 3101 1686 3167 Si
1701 3092 1864 3193 serasera]
1892 3097 2121 3189 Aposiopesis

1136 3219 1280 3286 gravem
1299 3204 1452 3289 poenam
1472 3198 1654 3268 minantis.

1369 3400 1478 3470 Actus
1493 3399 1518 3471 l.
1545 3403 1656 3472 Seena
1673 3399 1716 3472 ll.
1743 3405 1893 3494 Argum.

1235 3552 1318 3627 Filii
1336 3578 1496 3625 amorem
1518 3555 1681 3642 explorat
1700 3566 1824 3643 pater,
1860 3554 2005 3624 simulat
2028 3558 2123 3627 iutu-

1135 3676 1193 3724 ras
1221 3653 1385 3743 nuptias,
1426 3654 1678 3722 interminatur
1703 3653 1808 3721 Davo
1840 3655 2050 3744 pistrinum,
2092 3657 2123 3728 si

1135 3754 1221 3848 quid
1237 3753 1396 3822 fallaciae
1411 3754 1450 3821 in
1470 3754 1554 3844 ipsis
1572 3767 1719 3824 conatus
1731 3754 1842 3824 luerit
1857 3757 2003 3846 nuptiis.

1233 3872 1294 3941 Vs.
1314 3875 1347 3942 1.
1379 3877 1460 3942 Non
1481 3867 1649 3969 daritiam]
1676 3873 1863 3963 Spargitur
1889 3877 2007 3945 resin
2035 3900 2115 3967 per·

1133 3997 1259 4055 sonas,
1283 3986 1319 4041 et
1333 3974 1534 4043 institutum
1551 3975 1739 4044 consilium
1755 3975 1952 4069 exequitur.
2010 3976 2070 4049 Vs.
2078 3978 2114 4047 9.

1132 4080 1175 4146 ld
1187 4070 1319 4171 uoluit]
1337 4075 1471 4145 Callida
1490 4076 1581 4144 Davi
1597 4077 1764 4165 suspicio.
1827 4077 1888 4147 Vs.
1909 4076 1966 4149 15.
1993 4076 2115 4176 Apio]

1133 4178 1256 4260 idest,
1283 4179 1395 4248 audis.
1468 4178 1528 4248 Vs.
1547 4179 1606 4248 17.
1631 4177 1897 4275 Dumiempus]
1924 4178 2118 4271 Indulgen-

1132 4280 1217 4348 tiam
1242 4282 1364 4370 patris.
1485 4278 1545 4350 Vs.
1558 4278 1620 4355 25.
1651 4286 1770 4351 Dauus
1790 4278 1896 4378 rum]
1923 4284 2117 4374 Adagium.

1132 4381 1291 4470 Oedipus
1331 4383 1427 4451 euim
1469 4384 1564 4452 solus
1597 4379 1764 4472 Sphingis
1796 4385 1961 4473 aenigma
1997 4386 2117 4457 solvil.

1130 4482 1191 4553 Vs.
1202 4482 1262 4553 84.
1289 4490 1403 4579 Neque
1415 4479 1480 4580 ira]
1508 4490 1622 4580 Neque
1634 4497 1672 4555 tu
1685 4489 1775 4555 daed
1789 4488 1885 4557 dicar
1899 4490 1964 4557 itit
1979 4511 2046 4557 non
2055 4488 2116 4580 ⁸⁸),

1130 4585 1179 4655 sie
1200 4582 1309 4654 habet
1331 4612 1414 4656 vera
1438 4589 1562 4671 lectio,
1596 4603 1637 4657 ut
1657 4589 1728 4657 siut
1750 4602 1818 4657 ires
1843 4591 2031 4679 negativae
2056 4612 2117 4655 vo-

1130 4688 1242 4757 culae.

1139 4862 1344 4873 ——---—--—0-

1160 4970 1210 5029 au)
1230 4970 1286 5020 luc
1302 4966 1444 5034 viciniae]
1464 4971 1505 5019 alc
1522 4971 1603 5019 etiam
1620 4970 1669 5019 Ed.
1691 4971 1780 5020 Vollb.

1158 5070 1207 5138 81)
1225 5073 1401 5135 spatiatum]
1420 5073 1460 5123 sic
1478 5073 1544 5123 illae
1560 5074 1624 5123 lidii
1632 5079 1669 5135 t.;
1696 5074 1746 5124 llil.
1766 5072 1857 5123 Vollb.
1878 5074 2039 5131 symbolum.

1157 5175 1206 5235 11)
1224 5177 1385 5239 percurrit]
1403 5176 1446 5223 slc
1468 5175 1551 5225 etiam
1568 5176 1620 5228 itt.
1639 5175 1732 5225 Vollb.

1157 5277 1206 5336 11)
1224 5276 1336 5344 Negat]
1359 5279 1406 5328 itt
1425 5278 1518 5329 Vollb.
1536 5278 1641 5344 Nepet.

1156 5382 1206 5441 u)
1223 5382 1322 5447 Narve
1339 5386 1372 5433 tu
1390 5382 1470 5434 larua
1485 5386 1568 5436 dicos
1583 5384 1638 5436 1111
1654 5386 1725 5445 non]
1749 5383 1799 5438 11,
1818 5380 1925 5436 Velim:
1958 5394 2047 5446 neque
2064 5384 2116 5432 tu-

1192 5452 1265 5503 aaut
1282 5453 1360 5504 dices
1378 5453 1433 5503 titt
1455 5467 1529 5504 uon.
