4754 6014
44 306 47 311 ’
120 341 195 417 ιιι
495 298 502 319 “
582 333 800 411 cxxxvut
852 312 1138 457 antemna
1165 330 1452 413 oaonmcon
1483 331 1691 408 vmonn
1939 422 1943 427 ,
2074 333 2150 411 as

117 536 200 585 men
215 507 352 587 accedit
369 505 505 599 agnitio
521 508 711 600 quaedam.
763 506 961 577 Profecto
951 532 990 577 m
1007 508 1107 602 equis
1159 505 1245 577 bent
1268 507 1430 588 aculeos,
1463 506 1624 576 sednon
1645 517 1820 587 utuntur,
1854 507 1938 598 quia
1956 505 2065 595 'reges
2089 506 2150 575 de-

116 628 156 689 et
168 614 318 687 canibus
332 623 385 681 est
400 633 529 701 magna
547 609 724 700 cognitio;
759 608 846 679 item
870 609 908 677 1ιι
930 608 1107 683 leonibus.
1158 611 1245 680 bent
1268 634 1342 679 esse
1368 609 1579 692 clementes,
1612 619 1678 678 etc.
1780 610 1973 704 Δμιιιιιιιιιε
1992 610 2150 703 hortu]

115 715 222 789 Scitis
235 711 424 787 historiam
444 714 491 783 de
512 712 637 797 leone,
672 736 736 805 qur
724 709 888 780 Romae
911 726 1108 802 agnoverat
1157 709 1349 794 Lacertus,
1391 713 1485 780 oben
1505 714 1569 781 das
1590 709 1676 778 diclc
1700 734 1758 777 am
1786 733 1884 792 arm,
1925 710 2019 778 idem
2050 714 2149 804 quod

115 842 223 893 suum
237 816 416 887 medicum
433 815 471 883 in
487 814 593 886 circo.
645 813 740 885 Nam
756 813 855 883 leoni
881 813 967 884 olim
991 829 1107 884 extra·
1159 813 1350 885 musculus.
1402 811 1582 883 Dicuntur
1595 824 1714 881 autem
1731 810 1885 883 lacertus
1908 824 1946 882 ει
1966 814 2148 885 musculus

23 936 26 941 '
114 931 219 993 xerat
231 918 393 1010 spinam,
419 930 456 989 et
470 943 551 988 cum
566 929 690 1011 postea
705 916 804 985 leoni
820 916 978 989 obiectus
1006 929 1107 1001 esset,
1157 916 1208 987 sic
1227 942 1248 985 a
1271 916 1398 1006 figura.
1449 914 1497 984 Et
1522 913 1759 985 certissimum
1783 926 1835 984 est
1860 938 2012 1005 corpora
2039 915 2149 984 lacer·

116 1036 158 1095 ιιι
181 1020 457 1106 dilaceraretur,
495 1021 554 1091 leo
583 1043 660 1089 non
688 1019 814 1089 nocuit
834 1031 900 1091 etc.
966 1017 1014 1087 Et
1040 1043 1105 1112 ego
1157 1031 1235 1091 tosa
1257 1030 1292 1087 et
1314 1017 1514 1087 musculosa
1540 1039 1615 1087 εεεε
1638 1017 1741 1086 valde
1764 1016 1932 1101 robusta,
1974 1015 2065 1086 sicut
2085 1041 2149 1087 au·

114 1121 240 1197 audivi
262 1124 463 1216 principem
485 1122 731 1211 Fridericum,
760 1121 824 1215 qui
838 1121 1105 1214 Heydelbergae
1157 1119 1255 1218 tea⁸)
1276 1120 1351 1189 dixi
1373 1120 1417 1189 de
1440 1118 1710 1201 Maximiliano,
1750 1117 1813 1211 qui
1836 1118 1957 1210 potnit
1982 1130 2148 1189 contorta

115 1223 300 1319 regnavit,
322 1228 489 1297 educasse
512 1225 655 1295 catulos
670 1224 838 1308 leonum,
864 1225 928 1318 qui
943 1227 1106 1295 comede·
1156 1220 1258 1296 hasta
1277 1224 1367 1292 duos
1384 1245 1517 1292 asseres
1534 1221 1739 1297 confodere.

114 1342 204 1401 runt
217 1328 262 1397 de
276 1326 388 1420 ipsius
403 1351 539 1401 mensa.
588 1323 679 1395 Item
696 1322 824 1397 babuit
838 1351 959 1399 secum
983 1327 1024 1397 1ιι
1045 1350 1106 1397 ou·
1259 1323 1321 1394 Vs.
1339 1323 1401 1394 77.
1424 1328 1573 1411 Sasiam]
1600 1323 1636 1391 id
1652 1333 1724 1404 εει,
1747 1320 1842 1389 diem
1864 1346 2043 1394 serenum.

114 1431 256 1512 biculo,
281 1443 454 1501 ettamen
471 1429 550 1500 aliis
567 1441 782 1500 nocuerunt.
1258 1425 1320 1497 Vs.
1335 1425 1398 1497 80.
1425 1429 1572 1519 cadant]
1599 1427 1636 1495 id
1653 1435 1718 1507 est,
1744 1425 1891 1517 quando
1904 1437 2146 1517 pupugerunt,

215 1528 279 1601 Vs.
294 1528 356 1602 54.
383 1533 526 1623 Lidaat]
554 1531 590 1601 id
605 1543 676 1615 εει,
701 1533 901 1622 degustant.
1157 1529 1329 1601 amittunt
1352 1528 1538 1611 aculeum,
1570 1540 1606 1598 ει
1626 1525 1757 1597 amisso
1782 1526 1905 1595 aculeo
1930 1527 2146 1598 moriuntur.

215 1631 278 1705 Vs.
293 1634 355 1705 60.
382 1634 529 1729 Nudam]
550 1632 675 1718 idest,
699 1634 817 1726 ipsum
834 1656 977 1724 agrnem
1117 1631 1249 1702 ·Sunt
1262 1642 1402 1699 tantum
1420 1631 1586 1700 conditae
1602 1632 1648 1700 ad
1663 1627 1940 1699 mellificandum
1956 1643 1992 1699 ει
2003 1627 2146 1719 bellige·
2273 1674 2277 1689 .

216 1732 281 1806 Vs.
306 1734 368 1809 62.
405 1737 498 1828 Huc]
539 1735 577 1805 id
612 1747 683 1820 est,
724 1738 771 1806 ad
805 1735 869 1807 illa
899 1737 999 1818 loca,
1033 1754 1105 1825 qua
1156 1736 1323 1813 randum.
1375 1732 1432 1801 Sic
1455 1734 1571 1803 bonus
1592 1735 1665 1802 dux
1687 1732 1792 1802 debet
1811 1755 1886 1803 esse
1910 1733 1999 1804 foris
2025 1731 2145 1801 bonus

112 1836 248 1907 volant.
1155 1837 1328 1918 bellator,
1354 1847 1389 1902 et
1403 1837 1503 1904 domi
1517 1837 1633 1906 bonus
1646 1836 1876 1925 gubernator.

212 1934 276 2009 Vs.
293 1936 355 2009 68.
381 1934 646 2036 Μειὶριμιιιιῆ]
672 1938 710 2008 id
727 1949 798 2023 εει,
822 1937 986 2022 Melissa,
1012 1947 1105 2005 muts
1257 1936 1319 2007 Vs.
1335 1936 1395 2005 88.
1421 1941 1509 2029 Ipsi]
1535 1938 1686 2022 scilicet,
1711 1961 1824 2026 reges.

114 2039 291 2111 terltraut.
341 2036 406 2111 Est
421 2042 525 2109 valde
543 2041 674 2112 nobilis
696 1991 809 2111 berbi
835 2055 871 2111 ει
892 2038 1104 2112 mulieribus
1259 2036 1321 2108 Vs.
1340 2037 1401 2109 87.
1443 2041 1617 2132 Ptslvcrir]
1661 2041 1698 2108 id
1730 2053 1803 2125 est,
1843 2039 1963 2131 glebas
1992 2034 2130 2111 iniicito

113 2141 231 2227 utilis,
259 2140 530 2243 etinremediis
551 2144 749 2215 memoriae
774 2144 981 2261 praecipua.
1040 2139 1105 2211 Est
1155 2153 1241 2213 tunc
1255 2139 1445 2230 dissipabis
1458 2166 1531 2214 eas

110 2239 245 2328 herba,
270 2269 363 2337 quae
378 2245 548 2314 convenit
564 2247 615 2313 illi
633 2246 788 2347 sapienti
804 2259 956 2319 naturae
981 2268 1103 2334 apum.
1257 2242 1318 2314 Vs.
1341 2241 1403 2314 98.
1443 2249 1624 2341 Squamia]
1655 2242 1692 2314 id
1718 2254 1790 2328 εει,
1825 2244 2001 2335 fulgidus,
2035 2241 2145 2317 habet

114 2347 287 2437 Mate]
320 2345 360 2414 id
381 2358 453 2430 εει,
486 2345 602 2415 ιίιίιιιιι
628 2340 866 2431 convallium,
896 2345 1105 2439 meyenblu-
1154 2344 1290 2415 lucidas
1307 2344 1393 2416 alas.

112 2450 277 2540 meleyn,
303 2469 526 2563 quamquam
540 2449 818 2519 noncontirmo.
858 2440 1103 2518 Estomniirm
1258 2446 1319 2514 Vs.
1338 2443 1399 2516 94.
1426 2448 1598 2537 taulariae
1611 2451 1738 2543 aluum]
1762 2444 1944 2519 Pulchra
1932 2471 2052 2539 imago
2069 2472 2145 2520 sor·

112 2549 243 2618 florum
260 2546 419 2637 primus,
445 2547 565 2615 statim
581 2547 621 2615 1ιι
634 2548 814 2641 principio
830 2549 924 2619 veris
939 2548 1074 2640 prodit.
1157 2546 1233 2617 didi
1246 2560 1281 2616 et
1295 2547 1414 2636 ignavi
1406 2547 1615 2639 principis.

213 2645 276 2719 Vs.
293 2646 355 2720 64.
389 2650 463 2742 cta]
497 2650 628 2735 idest,
658 2651 776 2743 putea.
883 2646 1033 2750 Μαιηι]
1068 2643 1105 2721 id
1258 2648 1319 2719 Vs.
1333 2644 1396 2720 95.
1420 2653 1477 2723 Ita
1491 2675 1632 2740 corpora
1651 2647 1774 2751 plebia]
1803 2654 1938 2746 Quales
1958 2665 2043 2725 sunt
2066 2677 2143 2723 mo-

117 2761 190 2836 εει,
214 2749 368 2842 Cybelis.
1156 2776 1213 2821 res
1236 2751 1459 2843 principum,
1498 2754 1586 2822 tales
1609 2768 1694 2823 suut
1716 2756 1847 2825 civium
1869 2757 1966 2826 iuxta
1989 2756 2144 2828 versicu-

215 2848 277 2924 Vs.
287 2850 348 2923 68.
366 2854 514 2944 Rapidus
527 2849 684 2951 incessit]
699 2855 755 2926 Ab
771 2852 978 2949 lasaron),
1005 2854 1104 2946 qnod
1156 2855 1251 2939 lum,
1277 2853 1427 2925 scilicet:
1454 2852 1495 2923 ln
1513 2855 1641 2946 vulgus
1655 2870 1814 2940 ⁸manant
1835 2860 1996 2948 exempla
2018 2882 2145 2948 regen·

109 2954 265 3025 verbum
279 2953 424 3024 additur
438 2956 646 3027 nominibus
667 2956 885 3028 affectuum..
930 2958 1105 3027 Aristote·
1156 2969 1246 3028 tum.
1297 2953 1388 3026 lstae
1406 2956 1662 3049 descriptiones
1683 2972 1767 3030 sunt
1788 2960 2081 3052 planeexempla
2109 2971 2145 3029 ει

111 3057 164 3129 les
177 3056 265 3127 dicit
286 3080 371 3148 apes
391 3056 478 3128 ioris
497 3082 615 3153 neque
639 3084 838 3152 provocare
861 3059 931 3129 alia
958 3060 1105 3144 insecta,
1156 3056 1405 3152 paradigmata
1424 3060 1671 3131 communium
1688 3086 1845 3133 morum.

113 3183 181 3228 nec
195 3183 356 3251 pugnare
378 3158 473 3229 inter
496 3185 552 3246 se,
583 3163 645 3233 sed
666 3174 807 3233 tantum
831 3175 915 3231 ante
934 3162 1104 3234 alveolos.
1258 3160 1319 3231 Vs.
1335 3161 1398 3231 97.
1424 3167 1529 3252 Spuit
1547 3166 1620 3256 ore]
1646 3164 1772 3247 idest,
1797 3188 1873 3233 non
1894 3176 1979 3234 sunt
2002 3163 2145 3253 ιιιιίιιιε,

110 3259 167 3331 lta
183 3261 300 3333 bonus
323 3261 411 3333 civis
431 3263 537 3333 debet
558 3288 720 3357 pugnare
739 3288 811 3357 pro
833 3264 974 3356 patria,
1008 3288 1105 3333 eam·
1155 3264 1217 3334 sed
1232 3263 1365 3358 similes
1382 3265 1540 3354 pulveri,
1567 3270 1665 3358 quod
1680 3279 1732 3337 est
1748 3265 1890 3337 illutum
1906 3279 2026 3360 sputo.

115 3388 184 3457 que
203 3364 314 3448 tueri,
340 3389 416 3433 non
431 3367 559 3457 procul
577 3391 749 3462 quaerere
765 3368 967 3441 latrocinia.
1018 3366 1104 3438 Plu·
1257 3365 1318 3437 Vs.
1334 3365 1395 3436 99.
1422 3364 1524 3467 Lito]
1548 3367 1585 3436 id
1603 3382 1672 3453 est,
1699 3382 1836 3441 notata.

113 3462 259 3537 tarchus
272 3467 380 3536 etiam
399 3483 586 3557 comparat
600 3471 859 3563 rempublicam
875 3471 1022 3563 apibus,
1048 3470 1104 3537 in·
1255 3467 1317 3538 Vs.
1336 3470 1421 3542 102.
1449 3474 1493 3542 Et
1514 3474 1638 3541 duram
1652 3468 1798 3568 Bacchi]
1826 3472 1863 3540 id
1887 3483 1958 3554 εει,
1990 3470 2086 3539 unde
2105 3470 2146 3539 lit

115 3569 259 3662 quiens:
286 3569 546 3664 Sicutquando
563 3596 647 3665 apes
669 3574 902 3664 egrediuntur
927 3574 1003 3643 sine
1027 3596 1104 3640 ma·
1154 3568 1290 3638 bonum
1310 3572 1484 3653 mulsum,
1517 3573 1649 3641 scilicet
1664 3598 1706 3641 ex
1720 3574 1817 3642 vino.
1875 3570 1941 3640 Est
1964 3571 2059 3638 enim
2080 3572 2147 3639 du·

115 3695 185 3762 gno
203 3696 410 3758 murmure,
435 3675 577 3765 signum
593 3689 646 3745 εει
659 3676 748 3745 boni
764 3688 894 3745 status:
922 3674 971 3743 ita
989 3698 1103 3766 quan·
1155 3672 1246 3759 plex.
1299 3668 1339 3736 ln
1353 3670 1454 3738 ltalia
1472 3672 1512 3737 fis
1528 3695 1570 3739 ex
1585 3674 1670 3740 vino
1686 3688 1722 3743 et
1736 3675 1861 3757 melle,
1886 3672 1973 3743 alibi
1988 3696 2030 3741 ειι
2051 3692 2144 3766 aqua

113 3777 161 3843 do
178 3772 218 3843 in
233 3773 415 3864 republica
431 3799 507 3843 non
521 3790 604 3846 sunt
621 3775 745 3866 magni
761 3775 955 3857 tumultus,
989 3787 1024 3841 ει
1038 3771 1104 3842 ho·
1156 3782 1192 3837 ει
1206 3770 1323 3840 ιιιειιε.

112 3872 230 3943 ιιιίιιεε
246 3874 494 3959 εοιιεειιιίιιιιι,
519 3889 604 3945 tunc
625 3878 767 3967 signum
789 3889 842 3947 εει
863 3878 953 3945 ιιειιε
974 3875 1105 3947 consti·
1258 3871 1318 3942 Vs.
1334 3872 1418 3944 111.
1444 3876 1580 3967 serves]
1607 3875 1740 3947 scilicet
1753 3873 1909 3968 depulsis
1926 3878 2072 3962 avibus,
2107 3878 2145 3949 id

115 3973 184 4043 tuti
198 3986 321 4048 status.
380 3975 438 4044 Sic
455 3975 635 4049 Homerus
655 3978 762 4048 tertio
778 3976 910 4048 lliados
931 3979 976 4047 de
992 3979 1103 4048 Grae-
1156 3984 1227 4058 εει,
1253 3973 1299 4044 sit
1317 3974 1646 4071 terriculamentum
1661 3976 1842 4067 inhorto,
1869 3981 1966 4073 quod
1990 3981 2146 4072 depellat
2215 3976 2217 3980 ⁸

114 4100 240 4146 corum
263 4077 419 4148 exercitu
441 4078 576 4173 inquit:
616 4079 742 4150 Tacite
772 4081 1016 4175 procedebant
1040 4082 1104 4151 ob-
1155 4099 1251 4149 aves.

113 4190 308 4253 servantes.
1258 4176 1320 4250 Vs.
1349 4180 1433 4252 112.
1474 4185 1661 4280 Pisasque]
1696 4195 1748 4255 εει
1773 4185 1919 4277 duplex:
1953 4179 2145 4273 hortensis,

216 4280 277 4353 Vs.
293 4283 354 4354 70.
386 4288 541 4378 Namque
565 4286 751 4376 morantes]
786 4283 822 4351 id
846 4296 917 4368 εει,
957 4286 1103 4376 quando
1156 4308 1265 4377 quam
1281 4307 1346 4352 nos
1362 4307 1437 4352 non
1451 4283 1644 4370 babemus,
1672 4288 1783 4357 altera
1797 4287 1991 4381 sylvestris.

114 4385 451 4478 sunttranquillae,
484 4387 704 4476 significatur
728 4388 918 4457 concordia
946 4401 982 4456 et
1007 4389 1104 4457 inco·
1257 4383 1317 4455 Vs.
1337 4386 1423 4456 118.
1457 4392 1631 4482 Forsitan]
1656 4390 1695 4459 id
1718 4402 1789 4473 est,
1822 4393 1949 4464 sinon
1971 4413 2143 4485 propera·

116 4487 261 4557 lumitas
275 4511 397 4580 apum
450 4488 519 4557 Sed
536 4493 682 4584 quando
696 4514 847 4580 magnus
861 4490 1025 4561 fremitus
1041 4504 1105 4573 εει
1156 4510 1253 4572 rem,
1279 4490 1448 4557 adderem
1463 4492 1599 4584 aliquid
1614 4496 1658 4562 de
1675 4488 1809 4563 herbis

118 4602 153 4658 ει
166 4590 573 4682 volitantvagabundae
589 4592 744 4682 significa
750 4593 1001 4664 tdiscordiam.
1024 4593 1105 4660 Ari-
1258 4588 1318 4660 Vs.
1339 4590 1423 4661 119.
1463 4590 1596 4692 Paesti]
1627 4597 1813 4686 Oppidum
1836 4609 1889 4669 est
1910 4597 1949 4667 in
1970 4594 2144 4684 Lucania,

116 4692 259 4763 stoteles
277 4693 386 4762 etiam
404 4695 502 4779 dicit,
519 4696 616 4788 quod
633 4720 764 4765 amisso
778 4719 861 4786 rege
874 4697 1010 4765 faciant
1026 4720 1105 4790 qut
1157 4691 1218 4761 ubi
1241 4691 1296 4762 bis
1320 4709 1481 4766 crescunt
1503 4723 1626 4782 rosae,
1660 4699 1752 4770 sicut
1772 4699 1867 4770 scitis
1889 4700 1927 4768 in
1951 4699 2029 4771 aliis
2056 4702 2143 4773 locis

112 4793 201 4862 dem
216 4796 469 4880 domunculas,
494 4801 648 4866 sednon
664 4798 781 4868 mella.
1157 4819 1231 4864 esse
1271 4797 1448 4868 maiorem
1489 4801 1783 4871 commoditatem
1817 4801 1971 4873 faciendi
2004 4802 2142 4891 hortos,

221 4894 282 4967 Vs.
299 4898 361 4972 71.
394 4903 505 4971 Raaci
524 4902 644 4993 aanor]
675 4900 713 4970 id
738 4913 807 4982 εει,
845 4898 1029 4983 fremitus,
1067 4897 1104 4967 id
1157 4922 1265 4991 quam
1283 4899 1425 4972 inaliis.
1478 4902 1631 4973 Sicutin
1647 4899 1847 4993 Thuringia
1872 4917 1926 4973 εει
1947 4908 2144 4978 admodum

118 5008 191 5081 εει,
214 4997 312 5088 ipsae
329 4994 517 5071 morantur
532 5003 569 5072 in
588 5003 753 5074 alveariis
768 5004 970 5074 frementes.
1156 5026 1285 5093 parum
1305 4998 1516 5088 hortorum,
1543 5009 1589 5075 ad
1607 5001 1775 5077 Rhenum
1790 5029 1876 5075 vero
1893 5008 2103 5097 plurimum.

220 5098 280 5173 Vs.
298 5100 358 5173 74.
384 5108 540 5197 Spicula]
567 5106 604 5175 id
618 5118 689 5192 εει,
715 5106 868 5177 aculeos.
954 5103 1104 5197 Rostris]
1259 5105 1319 5177 Vs.
1340 5110 1423 5180 120.
1449 5111 1590 5200 latreia]
1615 5109 1739 5192 idest,
1764 5106 1930 5181 Endivia.

117 5200 243 5287 idest,
270 5205 474 5297 cuspidibus
492 5208 529 5275 1ιι
551 5212 675 5283 cauda.
734 5209 849 5299 Reges
872 5233 1016 5302 quoque
1042 5203 1105 5277 ba·
1258 5208 1319 5280 Vs.
1341 5213 1424 5282 122.
1459 5212 1629 5303 Ceramia]
1656 5212 1693 5281 id
1714 5224 1784 5296 est,
1819 5236 1925 5303 pepo.
1976 5214 2071 5286 Nam
2091 5226 2144 5285 est

115 5359 315 5375 ...-
677 5398 682 5413 .
1158 5312 1335 5403 quaedam
1353 5315 1519 5402 cognatio
1535 5315 1629 5385 inter
1645 5337 1869 5386 cucumerem
1893 5329 1929 5387 et
1951 5341 2142 5409 peponem.

125 5437 387 5508 moissiaco]
409 5441 451 5494 stc
468 5444 520 5497 Ed
538 5446 631 5509 tuas
662 5444 712 5496 Ειι.
730 5445 869 5510 Wagner.
886 5445 1078 5511 mettsptatta.
1523 5478 1525 5483 -
2131 5494 2135 5509 ,

152 5544 202 5601 5¹)
220 5546 351 5604 ιιιειιιο]
372 5546 421 5597 ιι.
436 5548 513 5599 tou.
533 5549 654 5601 taceaco.
1189 5542 1223 5601 t)
1241 5539 1314 5592 Vide
1329 5552 1414 5606 supro
1430 5558 1457 5608 p.
1469 5544 1530 5594 ιω.
1549 5542 1642 5594 annu.
1659 5539 1696 5592 ιιι
1713 5538 1796 5604 virg.
1812 5540 1917 5604 (ὅσοις.
1933 5538 1982 5604 111,
1998 5539 2043 5593 81.

119 5626 302 5695 ιιιιιιιιιιι.
324 5630 430 5695 Oeen.
453 5632 537 5697 vor..
561 5631 648 5694 xlx.
692 5664 698 5675 -
1578 5614 1628 5687 27
