4762 6008
31 316 36 324 .
166 284 241 359 aas
743 278 867 351 rau.
899 278 1012 350 uus..
1047 274 1248 351 senuas
1282 272 1620 347 astronomos
2128 276 2206 355 aas

167 456 317 529 Necesse
349 463 403 522 est
437 451 560 545 itaque
590 473 758 540 magnam
797 450 1054 542 praestantiam
1086 474 1159 520 esse
1209 448 1353 541 legens,
1379 447 1519 530 dicens,
1545 445 1638 529 scio,
1658 445 1744 539 quid
1762 445 1877 536 legam
1894 444 1952 512 vel
1967 445 2096 519 dicam.
2131 448 2205 522 Sed

171 583 301 651 apum,
342 555 405 626 sed
441 566 563 622 tamen
597 554 695 620 illam
729 554 1028 646 longinquitatem
1066 553 1161 620 vitae
1212 528 1409 622 brutahon
1423 545 1558 619 habent
1581 561 1679 617 actus
1705 548 1875 629 reflexus,
1908 546 2042 618 iaciunt
2062 551 2205 643 impetu

173 663 282 730 etiam
313 670 388 726 arte
420 666 653 735 conservant,
688 655 821 723 scilicet
843 656 1003 725 mirabili
1026 667 1162 745 tempe·
1216 655 1372 747 quodam
1390 676 1452 721 sua
1471 675 1592 743 opera.
1627 648 1714 740 Apis
1730 651 1815 717 facit
1827 672 1890 719 sua
1909 672 2037 741 opera,
2062 656 2203 726 nullum

173 765 313 842 cantia,
338 757 515 826 munditie
533 756 821 840 etcontiuentia,
855 758 938 850 quia
964 761 1054 825 adeo
1080 769 1164 826 sunt
1214 753 1324 825 habet
1347 766 1465 823 actum
1491 753 1680 834 reflexum,
1706 752 1791 820 sa'cit
1812 748 2060 842 hexagonum,
2086 770 2121 825 et
2139 782 2204 828 ue-

175 873 435 955 tcmperantes,
459 871 501 928 ut
514 860 621 927 etiam
639 882 783 928 voraces
807 862 972 950 puniant.
1024 858 1164 928 Deinde
1216 859 1294 942 scit,
1309 880 1355 924 an
1372 855 1482 924 iaciat
1496 851 1740 946 hexagonum:
1769 853 1818 925 sic
1831 856 1917 924 lacit
1931 857 2051 940 mella,
2075 880 2211 945 caecas,

175 987 307 1057 magna
323 974 375 1031 est
391 962 604 1043 mundities,
631 961 713 1053 quia
732 963 769 1029 in
785 963 932 1032 alveolis
948 959 1039 1031 nibil
1064 986 1164 1053 repe·
1216 962 1366 1032 sednon
1384 956 1567 1027 diiudicat.
1620 956 1784 1026 Secundo
1803 960 1955 1047 pecudes
1973 971 2114 1028 tantum
2138 963 2213 1032 siu·

177 1069 270 1137 ritur
294 1064 474 1147 sordium,
515 1062 637 1132 omnia
655 1064 841 1132 immunda
865 1062 1040 1148 evehunt,
1076 1066 1166 1132 adeo
1218 1061 1354 1155 gularia
1373 1061 1683 1142 animadvertunt,
1709 1055 2122 1133 hominesuniversalia.

178 1183 220 1240 ut
250 1167 357 1236 etiam
393 1189 455 1235 sua
490 1178 713 1234 excrementa
745 1165 783 1233 iu
806 1168 1022 1257 peculiarem
1047 1168 1165 1236 locum
1319 1162 1380 1233 Vs.
1394 1164 1481 1237 220.
1515 1162 1684 1253 trauan]
1712 1161 1868 1255 Quidam
1895 1162 2063 1232 dixerunt
2086 1166 2209 1236 omnia

182 1265 399 1341 convehant.
1220 1266 1417 1335 animantia
1441 1290 1568 1355 rapere
1592 1263 1727 1357 aliquid
1753 1289 1795 1332 ex
1816 1279 1916 1350 aere,
1951 1265 2013 1358 qui
2037 1266 2084 1337 sit
2106 1268 2212 1363 quid·

282 1370 343 1442 Vs.
363 1369 451 1442 208.
490 1362 699 1463 Immortale]
741 1369 943 1461 Quotannis
976 1379 1169 1460 procreant
1220 1372 1303 1438 dam
1320 1368 1481 1437 divinum
1499 1368 1689 1437 infundens
1705 1366 1894 1437 rationem.
1947 1368 2016 1437 Sed
2031 1394 2095 1440 vos
2114 1370 2212 1443 scitis

183 1474 293 1557 alias,
318 1473 402 1565 quia
420 1483 571 1560 pereunt
586 1472 707 1540 multis
729 1473 864 1556 urodis,
890 1484 1043 1563 pereunt
1061 1471 1170 1560 lrigo-
1221 1473 1281 1540 illa
1309 1494 1382 1540 esse
1410 1470 1524 1538 aliena
1555 1494 1575 1537 a
1609 1467 2021 1565 doctrinaChristiana,
2062 1484 2099 1541 et
2124 1496 2215 1543 vera

183 1576 303 1659 ribus,
349 1573 546 1655 caloribus,
586 1572 849 1643 interficiuntur
876 1577 920 1643 ab
952 1572 1170 1643 hominibus.
1221 1568 1460 1666 philosophia.
1512 1570 1578 1642 Est
1593 1574 1787 1641 absurdum
1813 1572 1928 1641 dicere
1953 1587 2110 1643 mentem
2136 1601 2211 1645 esse

184 1678 289 1748 Hanc
309 1675 360 1745 eis
380 1675 531 1765 gratiam
554 1675 775 1746 reddidimus
797 1701 865 1767 pro
895 1666 1170 1746 mellificatione.
1223 1690 1337 1746 ortam
1356 1700 1397 1742 ex
1414 1674 1530 1768 aliqua
1550 1674 1729 1765 corporali
1745 1688 1887 1759 natura,
1913 1676 2044 1745 scilicet
2060 1700 2102 1746 ex
2115 1694 2211 1750 aere.

187 1780 247 1851 sic
258 1779 469 1870 plerumque
483 1773 647 1846 homines
662 1777 793 1868 ingrati
813 1792 896 1848 sunt
917 1803 997 1869 erga
1021 1802 1172 1868 magnos
1323 1776 1384 1846 Vs.
1401 1779 1488 1849 221.
1514 1778 1639 1869 Decem]
1665 1777 1789 1860 idest,
1822 1792 1953 1851 aerem.

188 1883 287 1951 viros
316 1882 361 1949 de
392 1878 575 1969 republica
605 1880 864 1963 benemeritos,
903 1895 944 1951 ut
970 1881 1171 1971 exemplum
1325 1878 1386 1949 Vs.
1402 1877 1488 1953 224.
1513 1880 1712 1969 Arcessere]
1738 1880 1794 1950 Ab
1816 1886 1880 1966 ad,
1913 1892 1947 1950 et
1963 1902 1982 1948 a
1999 1879 2109 1948 verbo
2125 1882 2207 1965 cieo,

188 1981 441 2054 Themistoclis
460 1993 620 2050 testatur.
1223 1983 1261 2051 id
1290 1995 1359 2065 est,
1402 1984 1556 2065 advoco,
1593 1982 1630 2049 id
1656 1994 1727 2065 est,
1768 1978 1852 2051 hinc
1883 1978 2054 2053 hauriunt
2082 1983 2210 2052 vitam.

288 2084 351 2156 Vs.
364 2083 451 2157 210.
482 2088 665 2155 Praaerea
683 2080 808 2181 repens]
841 2083 895 2152 De
916 2082 1118 2154 obedientia
1139 2094 1174 2150 et
1224 2084 1407 2174 Scriptura
1427 2108 1525 2154 sacra
1542 2084 1728 2153 manifeste
1745 2086 1914 2154 discernit
1928 2082 2117 2153 hominum
2134 2084 2215 2151 ani-

187 2186 324 2259 iustitia
341 2210 470 2276 apum,
495 2189 590 2276 apud
603 2186 878 2277 Xenophontem
902 2186 1020 2280 iuquit
1044 2187 1102 2253 ille
1128 2187 1174 2253 ad
1225 2187 1425 2256 masavita
1441 2188 1636 2277 pecudum,
1662 2186 1753 2256 sicut
1767 2187 1937 2283 textus¹⁴)
1954 2187 2089 2281 inquit:
2123 2185 2216 2256 Cor·

189 2288 341 2382 Cyrum:
369 2288 429 2357 'l'u
444 2312 480 2357 es
494 2299 623 2357 natura
640 2313 723 2372 rex,
748 2291 838 2359 sicut
852 2313 914 2358 rex
935 2313 1063 2380 apum,
1089 2287 1173 2380 quia
1225 2288 1467 2381 pustoccidere
1482 2301 1643 2381 possunt,
1667 2290 1823 2359 animam
1840 2314 1915 2358 non
1932 2301 2092 2382 possunt.
2122 2286 2212 2358 ltem

189 2388 355 2460 homines
373 2388 438 2459 tibi
452 2389 602 2458 libenter
617 2403 652 2459 et
665 2404 792 2482 sponte
808 2394 1067 2481 obtemperant.
1103 2390 1176 2457 Ta·
1227 2389 1387 2462 Christus
1404 2391 1565 2484 loquitur
1588 2416 1667 2459 cum
1690 2391 1791 2462 Mose
1808 2393 1847 2460 in
1860 2390 2212 2488 monteTabor¹⁴⁸),

188 2493 239 2583 les¹
254 2506 336 2564 sunt
351 2489 487 2563 heroici
508 2492 597 2575 viri,
623 2518 714 2586 quos
736 2508 862 2586 sponte
885 2506 1083 2587 sequuntur
1109 2487 1176 2560 ho·
1226 2508 1262 2563 et
1278 2508 1397 2564 tamen
1415 2493 1533 2564 Moses
1550 2494 1610 2563 diu
1628 2506 1703 2563 erat
1717 2496 1893 2587 sepultus:
1921 2520 2006 2589 ergo
2022 2494 2140 2563 anima
2159 2505 2213 2565 est

189 2597 324 2681 mines,
351 2609 386 2664 et
402 2596 542 2665 labores
556 2608 639 2665 sunt
657 2597 796 2681 dulces,
820 2593 953 2667 habent
975 2598 1083 2667 etiam
1097 2620 1175 2664 suc·
1226 2596 1433 2690 separabilis
1464 2597 1611 2691 quidam
1650 2597 1796 2689 spiritus
1834 2624 1854 2666 a
1894 2622 2044 2693 corpore
2078 2596 2213 2668 vivens.

191 2724 307 2773 cessus
338 2698 540 2782 mirabiles,
581 2698 645 2790 qui
674 2698 752 2769 sine
779 2700 849 2770 illis
879 2695 1048 2768 heroibus
1074 2699 1175 2766 nullo
1226 2701 1331 2769 'l'alia
1361 2698 1563 2769 testimonia
1598 2711 1681 2770 erant
1710 2702 1944 2772 observanda.
2009 2700 2120 2793 Quod
2151 2724 2215 2770 au-

190 2804 301 2875 modo
332 2801 591 2890 contingerent.
660 2800 759 2872 Sicut
789 2804 943 2872 extincto
970 2803 1175 2872 Alexandro
1227 2816 1298 2873 tem
1316 2801 1559 2873 animantibus
1575 2814 1658 2872 suut
1672 2803 1863 2896 impressae
1886 2803 2061 2897 quaedam
2084 2801 2214 2892 imagi-

191 2904 364 2973 exercitus
379 2902 490 2993 ipsius
505 2898 597 2971 nihil
613 2917 734 2989 erant,
768 2907 830 2975 sed
845 2905 997 2989 similes,
1027 2918 1068 2974 ut
1083 2902 1177 2972 Dea·
1227 2930 1289 2977 nes
1305 2917 1340 2973 et
1355 2904 1606 2974 similitudines
1623 2905 1844 2989 animarum,
1870 2905 2020 2975 sciamus
2041 2902 2212 2994 simplici-

190 3008 252 3079 des
267 3004 356 3077 dixit
370 3000 596 3097 Polyphemo
615 3006 719 3075 oculo
736 3008 879 3077 amisso.
1227 3023 1371 3078 teresse
1393 3006 1491 3098 signa
1514 3021 1549 3077 et
1572 3009 1732 3100 exempla
1756 3007 1928 3078 mirabilis
1949 3007 2045 3077 illius
2067 3005 2214 3097 opificii,

291 3107 353 3180 Vs.
370 3109 458 3180 211.
491 3112 565 3179 Nec
584 3111 699 3198 populi
722 3110 943 3201 Parthum]
969 3105 1011 3176 ln
1029 3106 1176 3177 Oriente
1229 3135 1320 3206 quae
1338 3122 1512 3180 testantur
1528 3112 1701 3180 mundum
1718 3136 1793 3180 non
1812 3110 1964 3182 extitisse
1981 3134 2076 3180 casu.

190 3234 321 3301 magna
347 3235 405 3281 res
429 3210 497 3279 luit
521 3211 618 3301 regia
644 3224 812 3302 potestas.
878 3211 978 3282 'l'alis
999 3234 1076 3279 uon
1101 3222 1178 3278 erat
1329 3212 1390 3283 Vs.
1414 3214 1500 3286 228.
1541 3216 1755 3309 Siquando]
1787 3215 1918 3298 idest,
1950 3213 2095 3308 quaudo
2116 3211 2215 3279 voles

189 3314 353 3395 Romae,
393 3311 445 3383 ibi
474 3312 643 3382 volebant
674 3313 789 3381 videri
818 3313 967 3383 studiosi
992 3311 1177 3382 libertatis.
1229 3317 1382 3384 eximere
1408 3317 1525 3387 mella.
1579 3317 1740 3385 Mellatio
1765 3317 1906 3388 dicitur.
2014 3312 2153 3406 Sedeas]
2178 3312 2216 3380 id

191 3417 384 3508 Hydaspes]
408 3414 556 3483 Fluvius
571 3416 608 3482 iu
624 3414 759 3485 Media.
1231 3435 1303 3505 est,
1331 3417 1500 3488 alveolos.

298 3516 356 3589 Vs.
368 3517 456 3590 212.
498 3518 588 3607 llepe
619 3518 796 3608 incolumi]
830 3513 1075 3586 Pulcherrima
1099 3541 1179 3586 sen·
1330 3519 1493 3595 Vs.229.
1519 3522 1671 3612 deliaca]
1696 3520 1821 3606 idest,
1854 3516 2015 3612 aperies,
2042 3516 2215 3599 recludes,

190 3618 316 3691 tentia.
369 3618 427 3689 Sic
441 3618 582 3688 vivente
597 3621 802 3689 Alexandro
819 3633 895 3689 erat
914 3644 1062 3691 concors
1082 3644 1180 3689 exer·
1230 3625 1436 3717 resignabis.
1985 3654 1988 3659 ·
2013 3656 2016 3661 ·

193 3723 302 3806 citus,
343 3733 379 3790 et
409 3744 538 3812 magua
573 3723 737 3817 voluptas
759 3734 837 3794 erat
857 3723 907 3794 eis
933 3724 1077 3794 obedire
1097 3723 1180 3792 Ale·
1332 3726 1393 3796 Vs.
1409 3727 1495 3799 230.
1524 3723 1745 3821 0re¹⁶)fove]
1771 3723 1809 3792 id
1832 3737 1903 3809 est,
1930 3745 2058 3817 exspue
2083 3742 2216 3815 aquam

192 3826 345 3895 1111101οο
1230 3834 1271 3901 in
1293 3830 1468 3910 alveolos,
1504 3841 1543 3898 ut
1565 3851 1649 3920 apes
1671 3829 1828 3920 fugiant,
1861 3827 2078 3923 quiataegre.
2096 3824 2219 3892 ferunt

297 3924 357 3999 Vt·
376 3923 464 4001 215·
504 3931 568 3999 ille
588 3952 726 4018 operum
749 3931 874 4019 11111111]
915 3927 992 3996 Rex
1019 3949 1095 3995 11011
1130 3937 1181 3996 esi
1233 3932 1323 4025 eripi
1339 3933 1406 4003 sibi
1423 3930 1511 4000 illud
1526 3956 1629 4001 suum
1646 3955 1755 4021 opus,
1782 3930 1873 4000 sicut
1887 3931 1993 4001 debet
2014 3928 2129 3996 faeere
2153 3926 2218 3993 bo·

195 4030 349 4113 ociosus,
376 4030 541 4101 circumit
555 4044 630 4100 tota
647 4031 724 4114 die,
750 4043 786 4099 et
806 4031 921 4112 videt,
953 4053 1000 4097 an
1020 4028 1180 4119 singulae
1232 4062 1299 4108 nus
1313 4034 1577 4126 paterfamilias.
1618 4033 1664 4103 Et
1679 4035 1804 4104 dicunt
1817 4056 1899 4124 apes
1916 4032 2006 4101 cirea
2024 4030 2112 4099 illua
2128 4040 2219 4097 tem

192 4131 422 4203 faciautsuas
442 4156 581 4224 operas.
1231 4166 1317 4233 pus,
1348 4137 1494 4231 quaudo
1526 4137 1731 4207 eximuntur
1755 4137 1878 4221 mella,
1918 4133 2055 4203 avidius
2079 4153 2218 4213 rorare,

295 4232 358 4302 Vs·
381 4234 470 4307 219.
509 4236 575 4303 His
604 4233 741 4325 quidam
769 4229 896 4318 signis]
935 4229 1112 4300 Excursns
1136 4233 1180 4301 de
1232 4268 1312 4313 cum
1327 4255 1448 4311 tamen
1465 4240 1601 4334 alioqui
1617 4241 1687 4310 sint
1703 4239 1941 4333 parcissimae.
2019 4230 2218 4330 firmosque]

194 4331 338 4416 anima,
363 4337 458 4403 unde
476 4332 773 4403 inanimantibus
793 4335 833 4399 fit
858 4335 1033 4424 quaedam
1057 4332 1180 4403 simili·
1232 4346 1267 4418 id
1284 4356 1353 4427 est,
1379 4345 1434 4411 sac
1451 4345 1588 4411 fumum
1606 4344 1651 4408 ad
1667 4344 1840 4424 alveolos,
1862 4352 1897 4409 et
1911 4341 2011 4409 fumo
2027 4362 2086 4407 eas
2101 4336 2217 4424 abige.

192 4438 282 4507 tudo
306 4435 448 4507 animae
472 4435 679 4519 rationalis,
718 4437 763 4505 de
786 4459 857 4529 qua
880 4434 1036 4507 rescitis
1068 4438 1178 4508 multa
1330 4444 1391 4516 Vs.
1407 4445 1493 4518 231.
1519 4444 1776 4537 Duotempora]
1798 4443 1860 4514 Bis
1883 4443 2089 4513 eximuntur
2107 4436 2216 4505 mella

193 4540 408 4630 disputaris
425 4534 660 4632 philosophis.
714 4536 812 4608 Deus
836 4537 964 4608 indidit
988 4539 1178 4610 animanti·
1230 4550 1269 4620 in
1282 4546 1461 4642 principio
1477 4545 1570 4615 veris
1586 4560 1620 4616 et
1636 4548 1672 4616 in
1688 4560 1874 4618 autumno.

192 4644 258 4713 bus
281 4645 457 4736 quosdam
480 4641 632 4734 impetus
654 4641 730 4712 sine
754 4640 907 4725 iudicio,
948 4643 1023 4712 sine
1047 4645 1178 4734 cogita·
1331 4648 1392 4721 Vs.
1409 4650 1497 4725 232.
1533 4653 1694 4745 Taygete]
1721 4651 1758 4720 id
1781 4657 1852 4735 est,
1886 4648 2005 4719 Pleias
2028 4640 2219 4727 Arcadica,

193 4744 311 4829 tione,
338 4744 414 4816 sine
431 4744 593 4830 ratione,
626 4747 717 4815 utin
732 4744 849 4837 equis,
876 4745 1042 4830 canibus,
1066 4747 1178 4816 leoni·
1230 4754 1313 4849 quin
1332 4752 1485 4824 Arcades
1499 4753 1609 4843 primi
1624 4757 1769 4825 ficerunt
1783 4752 1933 4825 studiosi
1953 4772 2073 4821 rerum
2100 4745 2220 4814 cocle-

191 4847 258 4917 bus
272 4861 308 4916 et
323 4849 435 4919 cervis
450 4849 572 4918 videre
588 4848 680 4918 licet.
721 4846 848 4941 Equus'
862 4842 969 4917 habet
986 4874 1108 4920 sensus
1124 4852 1178 4918 in·
1229 4855 1355 4940 stium,
1387 4859 1483 4928 unde
1509 4856 1615 4927 etiam
1638 4860 1805 4929 dicuntur
1825 4856 1931 4925 fuisse
1957 4854 2094 4948 priores
2115 4849 2219 4919 luna.

193 4948 364 5039 11110111,
390 4946 1042 5047 011110111011111111011111110111111,
1069 4976 1178 5043 18110·
1231 4964 1399 5050 Ostendit]
1426 4959 1633 5030 Orieutibus
1655 4961 1859 5030 Pleiadibus
1882 4958 2033 5030 cosmice
2056 4954 2093 5023 in
2115 4950 2218 5020 Maio

191 5051 257 5122 1111
274 5047 399 5123 1111111111
414 5080 538 5140 11111111,
564 5053 730 5125 1111111111
745 5054 834 5125 1011·
886 5050 1039 5123 1111111111
1060 5055 1098 5123 in
1120 5081 1178 5124 ca·
1227 5066 1320 5150 lere,
1362 5065 1445 5159 quia
1472 5063 1541 5157 ipsi
1562 5063 1737 5135 maturius
1759 5062 1930 5137 eximunt.
1995 5059 2090 5133 Nam
2113 5055 2219 5126 eitius

191 5152 299 5222 nibus
314 5166 348 5221 et
362 5155 536 5227 leonibus.
587 5159 685 5252 Quid
706 5158 816 5249 igitur
835 5157 982 5226 interest
1002 5158 1096 5225 inter
1119 5184 1177 5227 co·
1201 5108 1204 5217 l
1228 5163 1360 5237 habent
1375 5169 1449 5237 dies
1468 5165 1667 5236 calidiores,

192 5253 383 5347 gitatioues
394 5256 472 5329 illas
488 5260 572 5354 equi
587 5274 622 5331 et
636 5256 817 5332 hominis?
841 5261 1069 5352 Respondeo.
1103 5260 1177 5331 llo·
1200 5222 1204 5309 l
1228 5292 1424 5303 ··----

191 5357 309 5427 mines
323 5352 457 5432 habeut
471 5374 589 5435 actum
605 5364 795 5448 reflexum,
820 5364 925 5433 bruta
941 5387 1015 5433 non
1031 5360 1176 5435 habent.
1262 5362 1309 5420 11)
1326 5360 1422 5410 natta.
1444 5360 1487 5419 ¹⁰³
1504 5359 1547 5411 ²⁸·
1574 5360 1641 5411 ¹¹⁰⁰·
1664 5358 1705 5420 ¹²2
1723 5360 1752 5409 ⁴·

1262 5433 1327 5489 141)
1345 5428 1441 5481 natta.
1456 5427 1497 5489 17,
1515 5427 1540 5476 ³.
1564 5430 1650 5478 Marc.
1668 5427 1696 5487 9,
1712 5428 1737 5476 4.
1764 5427 1828 5479 Luc.
1843 5425 1870 5489 0,
1888 5425 1931 5475 to.

191 5458 366 5535 Homines
381 5463 540 5537 iudicant
553 5466 652 5537 illam
667 5490 769 5537 suam
786 5466 1051 5557 cogitationem.
1098 5467 1174 5557 ligo
1262 5500 1310 5561 ιι)
1329 5491 1398 5561 ore]
1418 5494 1459 5544 stc
1476 5496 1525 5545 aa.
1543 5496 1635 5558 raam
1658 5497 1707 5548 ua.
1728 5496 1867 5559 wagner.
1885 5494 1956 5546 ora.
