4762 6008
169 312 244 386 397

169 484 282 573 ngulta
300 493 481 561 armenta,
511 480 639 572 quibus
654 477 1052 570 praefecitApollinem.
1087 478 1158 545 Ra-

168 587 220 654 tio
235 583 378 653 labulae
396 580 498 650 reddi
515 605 590 648 non
608 594 736 671 potest.

270 682 331 754 Vs.
348 684 384 754 3.
418 684 571 774 caetera]
598 684 633 750 id
660 695 733 766 est,
767 681 859 750 aliae
882 679 1052 748 nrateriae
1076 703 1160 748 con·

170 787 321 877 scriptae
343 798 425 854 sunt
444 786 488 851 ab
504 786 593 851 aliis.

271 885 332 956 Vs.
352 884 386 956 4.
416 889 536 955 Omnia
553 891 623 955 iam
640 879 790 979 culpata]
818 881 933 971 Cupio
959 877 1050 949 mihi
1073 880 1159 949 deli-

171 1014 251 1080 gere
267 1001 537 1079 argumentum,
564 988 661 1079 quod
681 984 743 1051 alii
760 1008 834 1051 non
851 995 1062 1052 tractarunt.
1095 982 1160 1052 Est

171 1090 307 1182 aliquid
329 1113 430 1181 posse
454 1088 607 1179 deligere
632 1098 903 1176 argumentum,
945 1088 1006 1153 sed
1039 1096 1160 1153 tamen

173 1194 247 1281 ipsa
264 1192 404 1260 novitas
420 1187 530 1260 habet
545 1189 681 1282 aliquid
697 1187 937 1270 incommodi,
971 1188 1055 1279 quia
1073 1186 1159 1256 istae

170 1318 227 1362 res
249 1317 365 1362 novae
392 1317 466 1361 non
491 1292 540 1361 ita
566 1302 716 1382 possunt
734 1289 892 1359 tractari.
944 1285 1028 1356 ldeo
1045 1289 1160 1356 Hora-

171 1396 242 1464 tius
273 1393 408 1488 inquit,
447 1394 632 1462 tractanda
655 1416 728 1462 esse
752 1392 891 1483 publica
919 1403 955 1458 et
977 1390 1160 1482 astituat),

172 1497 313 1585 publica
330 1497 479 1564 materia
497 1508 617 1564 tamen
635 1495 702 1563 erit
716 1507 800 1576 tua,
830 1494 860 1563 si
882 1517 958 1562 eam
976 1506 1070 1560 recte
1089 1506 1160 1559 tra·

173 1599 334 1669 ctaveris.
386 1597 433 1666 Et
451 1623 513 1667 vos
531 1621 673 1690 quoque
690 1619 841 1676 moneo,
873 1608 914 1664 ut
926 1594 1031 1664 utiles
1050 1606 1160 1663 mate·

170 1701 244 1769 rias
258 1699 419 1790 eligatis,
446 1703 591 1792 quando
609 1698 715 1769 vultis
731 1697 867 1790 aliquid
884 1697 1051 1767 scribere.
1086 1695 1160 1766 No·

169 1801 233 1869 lite
249 1824 458 1870 consumere
475 1801 656 1891 ingenium
674 1800 710 1867 in
726 1802 832 1869 rebus
847 1799 1049 1877 inutilibus;
1072 1797 1160 1865 alio-

174 1903 234 1995 qui
255 1904 312 1984 fit,
348 1904 446 1995 quod
461 1903 592 1972 Seneca
619 1901 753 1994 inquit:
787 1900 993 1971 Necessaria
1017 1900 1160 1990 ignora·

173 2029 273 2086 snus,
305 2004 489 2097 quianon
510 2004 708 2074 necessaria
732 2003 932 2073 didicimus.
989 1999 1080 2071 Illud
1103 2026 1160 2068 ar·

174 2119 380 2196 gumentum
397 2109 441 2175 de
457 2108 672 2176 animalibus
689 2106 803 2174 multo
824 2118 877 2176 est
900 2105 1023 2175 utilius
1045 2117 1079 2173 ct
1102 2128 1160 2172 co·

172 2207 307 2297 piosius
334 2209 378 2277 ab
393 2207 585 2298 Oppiam,
620 2207 757 2277 Graeco
783 2221 927 2288 autore,
955 2219 1160 2286 tractatum,

174 2310 237 2401 qui
250 2311 358 2379 etiam
375 2310 591 2402 siugulasffl)
609 2320 727 2397 partes
743 2308 971 2397 perstringit,
1004 2320 1045 2376 ut
1066 2308 1160 2375 libro

173 2425 323 2503 quarto,
357 2423 421 2478 etc.
554 2410 712 2498 Vulgata]
745 2407 813 2497 lpsi
836 2409 999 2477 solebant
1020 2409 1161 2497 publice

173 2504 323 2581 recitare
351 2535 413 2579 sua
445 2521 631 2599 poemata,
672 2509 762 2575 illud
784 2509 852 2576 suit
874 2509 978 2576 valde
1004 2508 1160 2596 vulgare.

173 2611 382 2703 Eurysthea]
409 2605 628 2704 Eurystheus
638 2609 670 2703 ³)
694 2623 729 2677 et
746 2608 914 2679 Hercules
931 2609 1056 2678 eodem
1073 2622 1161 2676 tem-

173 2738 262 2804 pore
283 2712 468 2796 rixerunt,
508 2715 651 2781 irrenmt
674 2711 835 2800 cognati,
876 2725 910 2779 et
941 2734 1160 2805 quamquam

173 2814 343 2884 Hercules
359 2813 536 2906 praestitit
550 2814 702 2895 virtute,
730 2826 850 2881 tamen
858 2808 1078 2906 Eurystheus
1095 2813 1162 2880 im-

172 2916 323 3010 perarit.
399 2916 465 2985 llic
493 2917 755 2988 observandum
788 2929 840 2985 est
865 2910 1029 2985 heroicos
1064 2915 1161 2985 viros

173 3031 321 3112 propter
342 3021 520 3111 publicam
544 3018 734 3087 utilitatem
763 3040 890 3108 parere
913 3016 1160 3093 inferioribus:

173 3135 215 3194 ut
228 3116 382 3199 Achilles
405 3122 497 3190 cedit
521 3119 785 3211 Agamemnoni
809 3133 957 3210 propter
980 3119 1160 3211 publicam

173 3224 383 3304 utilitatem,
419 3224 467 3293 sic
490 3222 679 3306 llercules,
712 3245 929 3316 quamquam
954 3235 1073 3291 tantus
1099 3217 1161 3289 he-

174 3352 251 3419 ros,
277 3338 396 3396 tamen
413 3339 514 3419 paret
528 3324 713 3407 deteriori,
735 3337 787 3418 ut
809 3324 990 3393 communi
1015 3322 1161 3394 utilitati

175 3430 315 3503 serviat.

276 3532 337 3606 Vs.
353 3532 389 3607 5.
415 3528 599 3631 illaudati]
627 3532 767 3604 Durum
782 3533 1017 3613 vocabulum,
1044 3528 1162 3609 idest,

175 3640 329 3709 infamis.
432 3633 592 3734 Busiris]
618 3639 701 3706 Fuit
724 3660 785 3705 rex
808 3635 1065 3726 Aegyptiacus,
1099 3629 1162 3721 qui

175 3742 299 3814 solitus
322 3754 373 3811 est
393 3737 550 3829 hospites
587 3741 758 3808 occidere.
830 3735 1099 3825 Propemodum
1128 3743 1163 3797 ct

174 3867 271 3914 nuuc
296 3844 334 3908 fit
356 3841 394 3908 in
419 3842 631 3932 quibusdam
665 3839 810 3921 insulis,
851 3838 912 3906 ubi
941 3835 1048 3903 etiam
1081 3844 1164 3900 sunt

174 3941 378 4023 Busiridos,
413 3942 474 4034 qui
495 3942 652 4010 retinent
672 3937 841 4029 hospites.
900 3935 1004 4005 lllum
1027 3932 1163 4003 Busiri-

176 4052 257 4116 dem
275 4042 444 4117 Hercules
462 4043 604 4116 sustulit
620 4054 654 4109 ct
672 4043 811 4111 occidit.

278 4149 338 4221 Vs.
356 4147 390 4218 6.
416 4150 542 4240 Hylas]
568 4144 729 4217 llcrculis
748 4145 882 4225 socius,
910 4167 1015 4234 qrrem
1041 4150 1163 4229 postca

177 4253 297 4327 arnisit
320 4253 357 4320 in
387 4251 606 4343 proiectione
638 4275 717 4319 cum
741 4246 970 4338 Argonautis.
1035 4240 1085 4309 lbi
1108 4264 1165 4308 ex·

178 4368 367 4451 pectarunt
391 4355 620 4444 Argonautae
647 4364 760 4420 totum
794 4350 951 4417 triduum
975 4343 1163 4413 Herculem

179 4472 406 4554 quaerentem
423 4457 563 4549 llylam.
615 4453 664 4523 Et
678 4452 842 4524 Valerius
855 4450 1001 4518 Flaccus
1017 4445 1165 4535 diligen-

179 4577 232 4632 ter
248 4560 415 4631 describit
431 4558 728 4627 consultationem
739 4559 1041 4645 Argonautarum.
1078 4545 1165 4640 Qui-

178 4668 260 4733 dam
278 4662 532 4733 consuluerunt
549 4660 751 4728 abeundum
775 4682 868 4740 csse,
895 4679 969 4722 non
985 4678 1074 4743 opus
1092 4673 1166 4718 esse

178 4776 295 4833 totum
313 4764 503 4835 exercitum
522 4788 633 4833 unum
648 4756 832 4829 hominem
851 4767 1046 4847 expectare.
1097 4751 1166 4821 Sed

179 4865 327 4961 quidam
352 4877 564 4936 censuerunt
587 4862 773 4932 Herculem
797 4857 1054 4953 expectandum
1081 4877 1168 4935 csse,

179 4981 215 5038 et
232 4965 374 5060 quidem
391 4970 585 5058 prudenter
601 4975 832 5044 censuerunt,
860 4959 942 5054 quia
961 4954 1082 5044 magni
1098 4954 1166 5021 viri

179 5095 236 5139 res
252 5082 399 5159 gerunt,
432 5070 469 5138 in
494 5094 618 5138 eorum
642 5069 755 5139 salute
777 5066 843 5135 sita
869 5075 921 5132 est
945 5059 1166 5150 reliquorum

183 5211 380 5224 ——n—

213 5277 245 5344 2)
264 5280 338 5329 Rrec
356 5282 485 5342 spectaro
502 5274 633 5324 videntur
650 5272 685 5321 ad
703 5271 801 5322 floret.
820 5269 880 5319 Art.
898 5267 972 5329 poet.
992 5263 1042 5314 tta
1058 5276 1116 5328 sqq.

214 5363 426 5428 rostagnus]
447 5363 489 5412 sio
508 5358 625 5421 scripum
658 5357 708 5406 Ed.
724 5357 798 5405 1544.
818 5353 947 5416 singulte.

214 5448 246 5510 d)
265 5450 457 5511 Eurystheus]
488 5447 530 5496 stc
560 5447 585 5496 b.
607 5445 624 5494 t.
655 5445 683 5492 et
711 5441 739 5491 lu
767 5452 844 5503 seqq.
869 5437 990 5502 scrlpri3
1024 5436 1074 5486 Ed.
1096 5435 1171 5485 lou.

253 5518 407 5569 Ertrtbeua.

627 308 845 381 LXXXVIII.
898 307 1182 380 Enanuarto
1217 309 1497 384 GEOIIGICON
1531 310 1737 382 VIRGlLll.

2124 317 2198 388 398

1183 514 1186 633 p
1211 481 1315 551 salus.
1367 479 1419 548 lta
1438 481 1607 551 Hercules
1622 485 1700 572 plus
1718 482 1835 573 potuit
1852 507 1959 575 quam
1978 483 2038 549 alii
2063 509 2197 556 omnes.

1211 582 1306 649 llaec
1332 595 1384 650 est
1407 597 1535 652 natura
1560 584 1740 666 Heroum,
1775 608 1865 676 quos
1887 584 1977 671 regit
1998 584 2114 670 Deus,
2147 589 2200 655 illi

1211 696 1294 753 sunt
1307 697 1478 777 tanquam
1498 686 1665 774 sagittae,
1691 699 1731 754 ut
1746 684 1949 778 Psatnmst)
1967 685 2095 778 inquit.
2147 687 2197 758 lta

1210 786 1412 856 Alexander
1443 788 1569 856 volitat
1602 812 1667 878 per
1699 800 1813 855 totum
1845 789 1990 869 orbem,
2026 801 2198 881 tanquam

1210 889 1335 976 sagitta
1360 889 1476 956 valide
1501 901 1683 966 contorta;
1717 890 1802 956 item
1827 886 2101 972 luliusCaesar‚
2134 905 2198 963 etc.

1211 989 1376 1078 Laloaia]
1403 1015 1494 1082 quae
1510 991 1622 1059 edidit
1637 985 1824 1058 Phoebum
1842 1003 1877 1058 et
1892 989 2060 1061 Dianam.

1311 1089 1372 1160 Vs.
1388 1091 1423 1161 7.
1451 1095 1735 1187 Hippodameque]
1760 1091 1916 1182 Nuptiae
1936 1091 2198 1183 Hippodamae,

1212 1195 1358 1285 quando
1382 1195 1548 1284 Myrtilus
1571 1194 1654 1262 lecit
1676 1218 1757 1263 axes
1781 1216 1925 1264 caereos
1952 1207 2038 1277 etc.,
2083 1195 2198 1264 videte

1210 1294 1380 1364 labellum.
1444 1294 1507 1365 Est
1538 1296 1738 1385 exeniplum
1766 1296 1891 1385 perfidi
1917 1292 2093 1379 hominis,
2137 1297 2199 1390 qui

1211 1421 1313 1465 suum
1339 1397 1524 1466 dominum
1549 1398 1699 1488 decepit.
1811 1398 1946 1488 Pelope]
1979 1399 2109 1489 Pelops
2131 1398 2199 1468 luit

1211 1522 1362 1588 magnus
1379 1499 1543 1589 princeps
1555 1499 1739 1569 Graeciae.
1791 1497 1846 1565 Ab
1864 1499 1926 1565 illo
1943 1523 2075 1581 nomen
2091 1496 2199 1566 habet

1211 1600 1270 1667 illa
1292 1624 1374 1690 pars
1390 1600 1671 1692 Peloponnesus.
1722 1598 1786 1668 llla
1804 1599 1946 1682 omnia,
1970 1601 2099 1693 inquit,
2126 1601 2197 1668 iam

1211 1715 1294 1772 sunt
1328 1702 1443 1786 dicta,
1485 1726 1724 1796 unaquaeque
1759 1714 1857 1771 aetas
1891 1697 2000 1770 habet
2031 1726 2111 1772 suas
2144 1697 2199 1769 hi·

1210 1803 1352 1874 storias.

1311 1904 1371 1975 Vs.
1390 1905 1425 1979 9.
1457 1907 1586 1976 Tollere
1600 1908 1714 1998 hamo]
1741 1904 1777 1972 id
1803 1917 1874 1988 est,
1909 1929 2000 1998 quae
2025 1929 2089 1994 ego
2118 1929 2199 1995 pos·

1211 2034 1288 2078 sum
1306 2007 1549 2077 inclarescere.

1312 2108 1374 2180 Vs.
1400 2110 1459 2180 10.
1502 2114 1643 2180 Primae
1675 2104 1749 2204 epo]
1793 2108 1886 2178 Satis
1919 2120 2128 2197 arroganter
2160 2132 2197 2176 se

1211 2210 1413 2302 praedicat,
1448 2226 1483 2280 et
1504 2210 1664 2280 fortassis
1686 2214 1753 2280 suit
1775 2210 1912 2299 primus
1937 2224 2041 2299 poeta
2070 2210 2108 2276 in
2133 2233 2196 2277 sua

1211 2313 1340 2401 patria.
1405 2312 1502 2381 Dicit
1535 2326 1652 2382 autem
1688 2337 1724 2382 se
1758 2314 1985 2380 conditurum
2019 2311 2200 2391 sacellum,

1213 2413 1296 2504 quia
1320 2413 1405 2480 olim
1429 2434 1540 2503 parva
1567 2425 1601 2482 et
1626 2425 1774 2503 angusta
1798 2413 1924 2483 sacella
1949 2413 2199 2493 condiderunt,

1212 2513 1302 2582 sicut
1320 2513 1426 2581 etiam
1442 2515 1500 2581 ille
1515 2540 1594 2583 mos
1610 2515 1799 2585 ditioribus
1814 2516 1881 2583 luit
1899 2515 2005 2606 pardo
2030 2526 2110 2581 ante
2135 2537 2200 2580 uo-

1212 2627 1320 2683 stram
1339 2626 1514 2696 aetatem,
1542 2628 1605 2683 etc.

1312 2713 1448 2785 vs.11.
1483 2717 1672 2807 Deducam]
1705 2715 1834 2798 idest,
1866 2742 1931 2805 ego
1954 2742 2032 2786 sum
2060 2716 2199 2807 primus

1212 2830 1329 2900 vates,
1364 2829 1404 2884 ut
1425 2817 1456 2887 si
1478 2817 1583 2885 velim
1606 2818 1723 2884 dicere
1745 2814 1977 2907 Ilodolphum
1992 2819 2198 2907 Agricolam

1213 2943 1286 2989 csse
1301 2918 1458 3009 primum
1478 2931 1595 2987 vastem
1614 2919 1652 2985 in
1672 2917 1880 2987 Germania.

1313 3019 1374 3090 Vs.
1392 3022 1450 3093 ta.
1479 3022 1673 3111 Idumaeae]
1701 3019 1783 3112 quia
1810 3019 1848 3085 in
1872 3016 2039 3088 Idumaea
2065 3018 2198 3089 multae
2235 3085 2242 3099 ,

1213 3123 1354 3213 palmae
1371 3123 1600 3213 proveniunt.
1650 3120 1814 3191 Palmula
1840 3123 1975 3190 fructus
1993 3135 2064 3206 est,
2091 3143 2199 3214 quem
2232 3110 2259 3125 ”

1213 3226 1392 3317 dactylum
1412 3238 1559 3302 vocant3
1589 3224 1708 3314 palma
1729 3224 1848 3291 arbor.

1314 3325 1375 3398 Vs.
1394 3327 1453 3398 17.
1493 3329 1692 3418 Vectorepo]
1717 3325 1856 3394 Scilicet
1882 3324 1920 3392 in
1949 3320 2201 3392 certaminibus

1212 3429 1372 3521 poeticis.
1431 3431 1559 3499 Graeci
1591 3429 1874 3517 niagnifecerunt
1901 3427 1966 3495 ista
1991 3424 2201 3505 certamina,

1213 3532 1303 3602 sicut
1318 3532 1477 3601 scribunt
1491 3533 1534 3598 de
1552 3531 1774 3610 Menandro,
1801 3528 1864 3618 qui
1886 3539 2073 3616 superatus
2094 3524 2201 3614 aPy-

1213 3634 1376 3713 lemone,
1418 3644 1453 3699 et
1472 3633 1509 3697 in
1531 3630 1589 3696 illa
1617 3628 1860 3718 expectatione
1884 3610 2136 3715 suffragiorum
2165 3636 2202 3692 et

1214 3731 1426 3801 iudiciorum
1448 3742 1611 3799 mortuus
1629 3742 1691 3798 est.
1751 3727 1838 3795 Item
1856 3723 2048 3816 Sophocles
2063 3722 2199 3792 laetitia

1214 3833 1388 3903 extinctus
1413 3845 1481 3912 est,
1520 3856 1598 3899 cum
1623 3854 1735 3898 unum
1759 3828 1968 3917 suffragium
1996 3826 2200 3897 audivisset.

1217 3938 1330 4027 Ostra]
1364 3935 1495 4014 idest,
1527 3955 1706 4023 purpura,
1741 3932 1824 4025 quia
1850 3953 1892 3998 ex
1914 3953 2018 3999 succo
2043 3951 2203 4022 quarun-

1215 4043 1296 4106 dam
1316 4033 1534 4105 concharum
1552 4038 1591 4103 fit
1607 4035 1665 4102 ille
1685 4034 1784 4101 color
1802 4056 1994 4123 purpurae.

1315 4138 1375 4209 Vs.
1398 4139 1456 4207 18.
1488 4139 1639 4228 Genium]
1672 4135 1877 4205 Similitudo
1894 4135 2064 4205 translata
2080 4153 2100 4197 a
2115 4152 2200 4220 poo-

1216 4244 1285 4313 tIco
1304 4241 1497 4311 certamine
1514 4242 1559 4307 ad
1576 4239 1729 4309 currule.

1316 4345 1376 4414 Vs.
1402 4342 1460 4413 19.
1505 4335 1685 4436 Alpheum]
1725 4337 1928 4410 Certamina
1958 4336 2019 4403 illa
2052 4335 2201 4405 Graeca.

1215 4445 1382 4536 Intelligit
1405 4457 1523 4515 autem
1547 4442 1605 4512 hic
1627 4443 1856 4535 Olympicum
1881 4451 2081 4515 certamem
2114 4457 2199 4501 nam

1217 4549 1366 4620 Graecia
1382 4543 1509 4617 hahuit
1525 4557 1679 4640 quatuor
1695 4545 1910 4624 certamina,
1944 4540 2034 4609 sicut
2056 4550 2092 4605 et
2112 4557 2200 4627 qua·

1217 4666 1300 4722 tuor
1324 4652 1402 4719 loca
1426 4653 1590 4731 luerunt,
1631 4650 1669 4715 in
1694 4646 1823 4740 quibus
1845 4642 2134 4716 celebrabantur,
2167 4644 2202 4700 et

1217 4754 1365 4843 singulis
1393 4752 1498 4822 annis
1526 4750 1806 4831 corn’eniebant,
1843 4767 1939 4815 nunc
1960 4738 2072 4820 Pisis,
2104 4757 2200 4802 nunc

1218 4851 1414 4937 Corintho,
1447 4867 1531 4937 etc.,
1564 4854 1655 4922 sicut
1680 4849 1875 4920 Germania
1897 4841 2050 4913 instituit
2071 4834 2202 4905 nundi-

1219 4984 1303 5039 nas,
1325 4970 1365 5026 ut
1380 4956 1452 5028 sint
1467 4952 1693 5026 commercia.
1744 4950 1791 5020 Et
1804 4946 1893 5019 haec
1909 4939 2106 5035 spectacula
2125 4962 2202 5006 non

1219 5074 1323 5131 erant
1338 5059 1496 5131 instituta
1512 5058 1679 5126 ludorum
1707 5065 1743 5121 et
1763 5046 1956 5141 voluptatis
1980 5065 2107 5124 causa,
2142 5041 2203 5110 sed

1219 5163 1267 5229 ibi
1285 5164 1506 5230 renovabant
1521 5183 1581 5227 sua
1599 5156 1755 5223 foedera.
1808 5150 1895 5219 Item
1913 5141 2203 5216 cormelrebantur

1219 5290 1275 5334 res
1293 5264 1586 5340 corrunutandae,
1622 5269 1743 5346 postca
1767 5255 1836 5325 illis
1860 5251 2009 5342 negotiis
2037 5242 2205 5316 conlectis

1227 5423 1297 5436 *-

1193 5512 1200 5553 t
1254 5496 1284 5563 4)
1301 5494 1403 5545 Psalu.
1424 5494 1483 5559 127,
1501 5497 1527 5544 t.
