4762 6008
170 213 262 297 tibh
607 215 792 289 Lttxxttt
850 213 1248 290 ttt'ruttrttu'rarto
1282 214 1562 288 NEMEORUM
1595 216 1802 289 PlNDARl.
2138 218 2215 297 264

178 390 333 466 thretrtie
347 409 370 454 o
389 380 567 469 (llttrites.¹
583 412 603 453 ιε
621 387 733 457 Lucet
753 387 951 458 innumeris
973 386 1178 470 virtutibus,
1195 407 1207 479 y
1230 385 1352 456 Proeti
1374 388 1459 458 urbs
1479 389 1652 481 equestris
1672 390 1797 459 floruit
1817 390 1854 457 in
1883 387 2047 460 Corinthi
2071 394 2215 482 augerio,

184 498 340 583 psopter
352 487 597 558 fortia-lactei·
632 489 780 580 Longae
796 486 969 561 historiae
994 501 1078 559 sunt
1093 488 1179 558 Per»
1203 518 1207 627 Ι
1230 500 1266 557 et
1281 501 1408 581 quater
1422 489 1461 556 in
1476 489 1645 560 Nemeis?
1671 491 1772 586 (Ant.
1790 492 1845 586 8.)
1871 517 1913 560 ex
1929 491 2080 584 Sicyone
2100 490 2216 562 hono·

189 590 247 663 sei
262 590 315 659 de
336 587 487 660 Medusa
510 590 756 682 et-Gorg'o'ne-;
786 592 932 662 multae
953 591 993 659 in
1015 594 1179 683 Aegypto
1230 591 1301 660 rati
1331 592 1507 680 argenteis
1537 589 1667 683 phialis
1697 606 1964 682 processerunt,
2006 618 2048 663 ex
2072 588 2216 664 Pellene

179 692 302 765 --urbes
324 690 501 761 conditae
528 704 613 761 sunt
627 689 831 787 -Epaphifll
863 693 1057 763 manibus·
1105 692 1180 763 Nec
1231 687 1386 765 Achaica
1407 691 1524 761 induti
1546 694 1713 764 mollibus
1736 696 1816 767 filis.
1880 696 1984 766 Aeris
2015 709 2135 767 autem
2157 718 2217 765 co·

191 793 655 887 Hypermestre-erravit,
688 796 772 865 sola·
796 796 958 865 retinens·
984 797 1031 862 in.
1045 794 1178 884 -vagine
1227 795 1327 885 'piam
1346 817 1422 863 non
1437 818 1582 886 possum
1600 798 1767 876 recitare,
1793 797 1940 867 maioris
1956 798 2052 866 eninr
2076 811 2128 868 est
2150 795 2217 866 otii

190 895 365 986 gledium.
418 892 589 989 (Aethi.)
614 895 831 969 Diomedem
851 897 970 966 Pallas
993 896 1180 991 Deum'le-
1231 920 1442 978 numerare,
1468 897 1556 990 quid
1571 897 1704 981 Clitor,
1731 911 1767 968 et
1781 899 1920 989 Tegea,
1944 911 1980 968 et
1995 900 2088 968 altae
2110 900 2218 985 urbes

193 996 253 1069 eit
303 997 419 1067 Terra
434 991 731 1069 Thebislulmine
748 1001 838 1080 icta,
862 993 1180 1089 excepithmphia·
1204 976 1207 1113 ἱ
1230 995 1409 1066 Achaicae
1438 1000 1671 1083 donaverint,
1711 1014 1746 1069 et
1778 1013 1953 1093 quantum
1984 1000 2122 1070 dederit
2144 998 2218 1092 Ly.-

185 1120 299 1177 naum
312 1099 395 1169 belli
418 1099 570 1178 nuhem3
606 1111 641 1169 et
664 1102 804 1171 excellit
823 1101 991 1171 formosis
1022 1098 1179 1169 mulieri·
1204 1122 1207 1195 Ι
1231 1124 1354 1170 cacum
1382 1102 1476 1191 apud
1500 1125 1598 1170 aram
1622 1099 1718 1171 lovis
1738 1102 1962 1173 vincentibus
1983 1126 2155 1172 manuum
2181 1113 2218 1170 et

190 1200 261 1271 bus
272 1198 411 1292 Argos,
437 1201 522 1293 quia
536 1197 673 1291 Iupiter
687 1204 833 1273 veniens
853 1205 901 1272 ad
913 1202 1120 1274 Alcmenem
1145 1213 1180 1269 et
1231 1205 1362 1293 pedum
1384 1203 1527 1274 robore.
1597 1200 1678 1296 (up.
1703 1204 1757 1297 a.)
1792 1204 1882 1275 Cum
1905 1205 2000 1274 enim
2027 1204 2154 1275 Castor
2181 1215 2217 1272 ct

184 1299 345 1373 Danaen
352 1300 423 1396 ¹¹),
447 1299 554 1373 buius
568 1304 684 1375 famae
703 1317 809 1378 sutor
823 1317 888 1387 est,
908 1305 1197 1397 separatura.
1230 1304 1360 1375 Pollux
1373 1304 1508 1375 luerint
1528 1301 1688 1397 hospites
1706 1309 1802 1398 apud
1819 1302 2052 1398 Pamphaen,
2076 1305 2219 1398 generis

182 1400 242 1475 -sti
262 1402 414 1486 Talao,¹
436 1415 473 1473 et
491 1401 639 1497 Lynceo
666 1407 766 1477 dedit
788 1407 999 1498 sapientiam
1024 1420 1061 1475 et
1080 1404 1198 1476 issu·
1231 1408 1284 1476 tui
1300 1419 1476 1489 autorem,
1494 1431 1569 1476 non
1584 1419 1636 1478 est
1650 1409 1781 1477 mirum
1800 1409 1952 1499 posteris
1967 1408 2113 1478 insitum
2129 1429 2217 1490 esse,

107 1540 110 1545 ·
192 1503 295 1576 tiens.
348 1500 428 1595 (up.
445 1504 499 1598 1.)
523 1505 617 1577 luvit
633 1520 668 1577 et
682 1510 813 1578 bellum
829 1506 1103 1602 Amphitryonis
1124 1503 1181 1577 lu·
1230 1509 1473 1578 uthantboni
1496 1505 1670 1591 athletae,
1706 1510 1789 1603 quia
1807 1508 1934 1580 Castor
1956 1522 1991 1578 et
2003 1509 2133 1579 Pollux
2157 1533 2217 1578 cu-

192 1604 308 1697 piter,
347 1619 382 1675 et
404 1606 521 1677 socius
542 1610 656 1679 factus
679 1623 731 1680 est
753 1611 904 1700 generis.
969 1609 1058 1680 Cum
1083 1610 1178 1679 enim
1231 1612 1349 1681 stodes
1366 1611 1534 1703 Spartae,
1567 1636 1646 1681 cum
1662 1611 1844 1683 Mercurio
1868 1625 1904 1680 et
1917 1611 2069 1680 Hercule
2091 1612 2217 1698 guber·

192 1706 319 1783 ferreis
334 1707 444 1785 armis
461 1709 636 1780 destruxit
651 1711 845 1795 Teleboas,
878 1725 964 1781 tunc
984 1712 1018 1780 ei
1040 1709 1182 1782 assimi-
1232 1726 1321 1783 nant
1335 1726 1466 1784 sortem
1483 1712 1740 1796 certaminum,
1762 1727 1798 1784 et
1813 1712 1975 1784 convivia
2005 1712 2215 1783 victorialia.

187 1809 286 1891 letus
302 1804 457 1899 iupiter,
474 1809 630 1881 intravit
651 1813 690 1881 in
713 1815 852 1901 aulam,
885 1814 1038 1884 afferens
1059 1820 1181 1884 semen
1231 1812 1344 1885 Valde
1361 1814 1455 1883 enim
1470 1828 1597 1884 curant
1612 1813 1709 1886 viros
1726 1816 1856 1900 iustos,
1882 1815 1967 1910 quia
1982 1813 2141 1884 Deorum
2159 1837 2217 1906 ge-

186 1909 413 2001 :intrepidum
435 1908 620 1997 Herculis,
660 1915 762 1987 cuius
780 1940 871 1987 uxor
894 1917 993 1986 Hebe
1013 1918 1052 1985 in
1078 1915 1179 1985 coelo
1232 1940 1299 1987 nus
1313 1917 1416 1986 fidele
1432 1931 1494 1987 est.
1547 1917 1639 2012 (Str.
1657 1917 1710 2010 4.)
1736 1918 1988 1988 Permutantes
2001 1917 2096 1987 enim
2111 1916 2218 2000 vices,

194 2024 483 2111 prope-matrem
507 2012 681 2085 lunonem
702 2018 870 2089 incedens
892 2031 955 2091 est.
1018 2016 1109 2111 (ste.
1125 2018 1180 2113 2.)
1226 2018 1383 2089 alterum
1399 2019 1493 2087 diem
1510 2015 1586 2088 lovi
1603 2020 1784 2103 tribuunt,
1811 2021 1962 2090 alterum
1984 2021 2024 2088 in
2044 2019 2217 2111 specubus

191 2112 353 2191 Nuuest
372 2127 491 2187 autem
514 2128 613 2187 tanta
643 2144 723 2191 mea
752 2121 941 2205 facundia,
978 2132 1020 2189 ut
1046 2121 1179 2211 possim
1232 2121 1401 2191 terracin
1417 2120 1611 2192 cavislocis
1627 2118 1837 2213 Therapnes
1854 2125 2039 2214 degentes,
2063 2121 2216 2193 similem

195 2218 544 2299 enumerare-omnia
566 2214 735 2305 honesta,
765 2248 857 2316 quae
878 2219 987 2295 habet
1007 2224 1180 2315 templum
1232 2225 1475 2295 conditionem
1491 2219 1642 2307 habent,
1669 2229 1752 2319 quia
1769 2225 1898 2295 Pollux
1913 2220 2008 2295 hunc
2025 2223 2120 2292 vitae
2139 2245 2217 2301 mo·

194 2317 583 2409 trpenwnitucite
596 2335 648 2391 est
663 2337 782 2394 autem
799 2325 973 2396 sustinere
987 2324 1180 2395 fastidium.
1233 2328 1319 2395 dum
1346 2326 1465 2417 potius
1495 2326 1619 2417 elegit,
1668 2352 1776 2420 quarn
1805 2326 1881 2397 sine
1909 2326 2020 2395 fratre
2050 2326 2090 2393 in
2118 2322 2218 2395 coelo

181 2420 364 2503 Attamen
388 2421 539 2493 excitato
564 2422 701 2513 lyram,
741 2437 778 2493 et
798 2449 900 2495 sume
926 2448 1048 2495 curam
1071 2426 1182 2495 lucta-
1234 2426 1384 2518 esseffl),
1417 2451 1497 2497 curn
1516 2428 1642 2501 Castor
1666 2431 1702 2497 in
1726 2429 1864 2521 proelio
1889 2428 2093 2499 interiectus
2118 2437 2219 2497 esset.

194 2545 291 2607 rnen.
336 2520 550 2611 ‚acumen
573 2544 723 2594 aeneum
745 2519 913 2594 hortatur
934 2526 1109 2617 populum
1136 2522 1182 2593 ed
1234 2527 1326 2598 Nam
1350 2526 1429 2596 ldas
1452 2527 1564 2601 iratus
1587 2544 1736 2622 propter
1762 2533 1893 2614 boves,
1927 2525 2130 2598 vulneravit
2159 2552 2218 2597 cu·

195 2616 407 2703 sacrificium
422 2618 590 2705 lunonis,
615 2637 650 2693 et
675 2627 720 2696 ad
743 2626 978 2697 certaminum
997 2625 1183 2711 iudicium,
1225 2626 1333 2719 spide
1364 2623 1486 2697 bastae
1516 2631 1713 2704 Castorem.
1786 2631 1887 2729 (Ant.
1911 2629 1965 2728 4.)
1998 2628 2032 2698 Α
2055 2628 2218 2727 Taygeto

195 2723 236 2793 in
253 2721 382 2816 qtsibus
395 2723 515 2795 sistor
524 2724 618 2797 lilius
636 2725 797 2820 Uliae”)
816 2730 907 2799 duas
920 2722 1047 2798 habuit
1071 2728 1183 2797 victo·
1235 2728 1329 2799 enim
1367 2730 1455 2820 pede
1481 2733 1666 2822 speculans
1700 2735 1790 2804 vidit
1824 2734 1987 2828 Lynceus
2018 2733 2056 2799 in
2089 2743 2217 2801 trunco

193 2825 282 2899 sias.
317 2820 513 2923 e(Assa-2.)
539 2824 635 2899 Vicit
653 2839 773 2899 autem
797 2841 833 2898 et
853 2842 1011 2901 caeteros
1026 2829 1183 2901 Graecos
1235 2854 1373 2927 querno
1395 2834 1556 2904 sedentes
1578 2832 1761 2905 Castorem
1794 2849 1828 2905 et
1852 2836 2048 2920 Pollucem.
2114 2830 2220 2903 Oculi

186 2920 443 3018 .iu.Pythone,
463 2941 520 3011 ,et
539 2932 580 2999 in
600 2924 758 3005 Isthmiis
779 2943 818 3007 ‚et
840 2929 984 3005 Nemcis
1010 2956 1182 3003 coronam
1235 2933 1330 3003 enim
1348 2931 1482 3026 Lyncei
1498 2934 1692 3006 acutissimi
1707 2948 1829 3017 erant,
1855 2959 1941 3026 prae
1965 2936 2127 3003 omnium
2152 2930 2219 3003 ho-

195 3027 297 3099 dedit
318 3028 432 3135 Musis
455 3030 760 3109 concinnandam:
801 3046 856 3103 ter
875 3035 916 3105 in
937 3030 1115 3118 lsthmiis,
1147 3046 1184 3106 et
1235 3035 1374 3106 minum
1398 3037 1521 3107 oculis.
1572 3035 1812 3107 Velocissimis
1831 3036 1986 3129 pedibus
2000 3033 2164 3128 Lynceus
2185 3046 2221 3103 et

195 3144 252 3201 ter
271 3130 311 3201 iu
326 3130 494 3217 Nemeis..
534 3131 742 3227 Otupiter,
772 3137 860 3230 quid
885 3137 1038 3229 amplius
1059 3135 1183 3228 optet?
1234 3136 1314 3210 ldas
1328 3138 1374 3207 ad
1390 3136 1574 3209 Castorem
1599 3150 1635 3206 et
1649 3138 1833 3209 Pollucem
1858 3149 2054 3220 venerunt,
2087 3149 2122 3207 et
2143 3158 2219 3217 ma·

186 3231 327 3319 ,Omnis
347 3234 446 3313 emm
467 3259 775 3341 snccessus.penes
797 3251 832 3311 te
853 3252 924 3322 est,
961 3264 1028 3311 nec
1050 3239 1182 3332 ignavo
1235 3264 1343 3332 gnum
1362 3262 1452 3331 opus
1469 3240 1587 3309 conati
1604 3254 1688 3311 sunt
1704 3240 1886 3324 celeriter,
1920 3252 1956 3310 et
1974 3239 2097 3330 gravia
2123 3237 2218 3329 passi
2351 3284 2358 3299 .

188 3337 306 3423 sorde
320 3330 697 3429 afferens'audaeiam,
721 3340 850 3433 petita
876 3354 912 3411 te
937 3338 1183 3413 hocdonum.
1235 3355 1329 3413 sunt.
1395 3340 1480 3410 Mox
1509 3343 1603 3411 enim
1634 3343 1733 3412 venit
1753 3341 1904 3424 Pollux,
1941 3341 2126 3410 interfecto
2152 3338 2219 3408 ca-

195 3439 279 3532 (sp.
292 3436 347 3536 2.)
359 3440 468 3527 ¹,Nota
485 3440 563 3517 Deo
579 3466 693 3527 cano,
718 3456 752 3513 et
766 3442 834 3535 ipsi
850 3443 997 3527 victori,
1024 3445 1086 3538 qui
1107 3467 1183 3515 cer·
1233 3456 1348 3527 store;
1376 3441 1435 3513 isti
1451 3459 1569 3515 autem
1588 3447 1797 3515 restiterunt
1819 3466 1932 3537 prope
1958 3443 2135 3513 tumulum
2157 3463 2221 3531 pa·

196 3540 507 3615 tetde'cacumine
525 3546 772 3618 certaminum.
823 3545 940 3616 Habet
964 3558 1083 3617 autem
1098 3545 1181 3617 Pisa
1235 3546 1321 3630 tris,
1357 3543 1439 3637 (Ep.
1462 3544 1515 3642 4.)
1549 3550 1644 3619 unde
1675 3560 1856 3639 acceptam
1879 3544 2045 3617 Plutonis
2077 3565 2218 3615 saxeam

197 3666 401 3736 supremam
418 3646 581 3718 Herculis
594 3649 728 3739 legem,
760 3660 795 3716 et
813 3672 939 3719 suaves
953 3672 1058 3718 voces
1074 3643 1184 3716 Athe·
1234 3660 1387 3718 statuam
1407 3648 1636 3737 proiecerunt
1650 3651 1687 3718 in
1710 3661 1832 3740 pectus
1845 3645 2020 3722 Pollucis;
2054 3645 2115 3713 scd
2136 3667 2218 3712 eum

196 3746 376 3817 niensium
394 3772 458 3843 per
476 3749 737 3841 interualla-bis
751 3774 834 3833 eum
848 3748 886 3818 in
909 3749 1090 3819 sacrificiis
1107 3749 1184 3815 lau·
1235 3771 1310 3817 non
1332 3744 1556 3831 colliserunt,
1589 3771 1705 3840 neque
1726 3758 1982 3839 represserunt.
2050 3741 2219 3814 incitatus

197 3850 388 3920 daverunt.
1235 3847 1365 3939 igitur,
1408 3848 1525 3938 adegit
1554 3848 1663 3917 telum
1690 3848 1727 3915 in
1758 3849 1850 3916 latus
1873 3845 2019 3939 Lyncei.
2083 3842 2219 3937 Iupiter

301 3947 386 4020 Fuit
398 3962 518 4020 autem
532 3953 734 4041 praemium
747 3952 937 4036 victoriae,
958 3972 1086 4020 urceus
1108 3945 1185 4038 igni
1236 3973 1322 4018 vero
1336 3948 1464 4017 deiecit
1479 3950 1518 4018 in
1532 3949 1630 4019 Idam
1645 3951 1823 4019 fumosum
1839 3948 1986 4021 fulmen.
2026 3947 2141 4018 Simul
2156 3970 2219 4018 au-

199 4061 339 4135 coctus,
381 4052 445 4147 qui
467 4044 573 4123 ‚venit
602 4055 649 4123 ad
673 4055 789 4144 Argos
814 4054 909 4122 inter
942 4052 1054 4121 multa
1088 4072 1183 4120 vasa.
1235 4065 1307 4121 tem
1323 4051 1498 4121 combusti
1512 4051 1765 4145 suntLynceus
1782 4047 1916 4133 etldas,
1942 4049 2084 4121 deserti.
2117 4048 2218 4119 Adeo

198 4155 291 4250 (Str.
308 4155 362 4251 d.)
389 4152 559 4250 Sequitur
571 4154 684 4246 gloria
700 4154 936 4226 certaminum
952 4165 1109 4225 vestrum
1126 4175 1184 4243 ge·
1235 4153 1375 4224 difficile
1391 4165 1444 4223 est
1465 4149 1626 4236 homini,
1658 4176 1817 4245 pugnare
1840 4176 1921 4221 cum
1947 4150 2221 4245 potentioribus.

199 4281 267 4328 nus
289 4270 514 4342 maternum,
547 4281 619 4327 una
642 4282 723 4330 cum
748 4257 883 4329 Gratiis
905 4271 942 4328 et
964 4252 1184 4350 Tyndaridis
1235 4253 1327 4351 (Str.
1341 4250 1395 4348 6.)
1427 4253 1598 4325 Celeriter
1630 4267 1748 4326 autem
1774 4253 1902 4324 Pollux
1923 4257 1971 4323 ad
1991 4255 2139 4323 fratrem
2162 4276 2219 4323 re·

198 4361 415 4454 frequenter.
466 4361 519 4431 Ac
533 4360 662 4450 dignus
680 4384 745 4451 ego
758 4359 951 4444 existimer,
977 4383 1053 4428 non
1067 4355 1184 4427 occul·
1234 4360 1320 4444 diit,
1347 4370 1477 4427 etcum
1493 4360 1654 4428 nondum
1667 4369 1850 4426 mortuum
1873 4351 2126 4448 deprehendit,
2156 4357 2219 4425 sed

198 4475 276 4533 tare
290 4463 414 4534 laudes
428 4458 581 4546 horum,
606 4487 687 4534 cum
710 4475 880 4554 cognatus
898 4487 976 4534 sum
994 4456 1184 4553 Thrasycli
1236 4456 1395 4531 anhelitu
1409 4459 1595 4551 rigentem.
1647 4457 1845 4529 Effundens
1868 4470 1986 4528 autem
2012 4458 2145 4529 calidas
2167 4455 2219 4524 la·

200 4577 235 4634 et
255 4563 384 4635 Antiae
405 4564 636 4656 Argivorum.
700 4564 799 4656 Quot
820 4566 915 4634 enim
936 4562 1096 4634 victoriis
1122 4560 1183 4629 itta
1236 4587 1373 4656 crymas
1395 4561 1491 4632 inter
1509 4563 1680 4654 gemitus,
1719 4562 1832 4631 altum
1855 4560 2000 4630 clamat:
2038 4560 2128 4652 Quis
2151 4556 2219 4627 erit

208 4719 411 4732 ,..,.....
1235 4665 1316 4736 linis
1336 4662 1523 4735 luctuum?
1576 4658 1670 4732 Mihi
1690 4663 1797 4732 etiam
1820 4675 1975 4731 mortem
1999 4661 2159 4751 infligas,
2194 4681 2218 4726 o

269 4818 333 4869 bert
354 4812 577 4879 inscriptionem
608 4813 709 4879 Oreste
732 4807 810 4862 παιδὶ
828 4804 943 4873 uittas,
973 4808 1128 4878 παλαιστῇ,
1155 4812 1184 4858 et
1235 4767 1379 4859 Iupiter·
1414 4765 1552 4836 orbam
1569 4757 2065 4854 θῙῙῙΠῙ1111116ἰὸΡιῗῗίἰῑὴοῃω·
2106 4758 2218 4828 pand

270 4885 370 4948 nayutt
397 4886 528 4948 utens:
562 4884 687 4946 mm,
721 4879 784 4948 11111
810 4881 899 4932 nttae.
948 4879 1119 4939 marom
1154 4879 1183 4926 st
1233 4866 1399 4939 homines
1413 4869 1451 4938 in
1471 4869 1578 4939 rebus
1601 4866 1758 4936 adversis
1780 4865 1899 4934 fideles
1920 4875 2023 4945 sunt,
2048 4862 2149 4955 (Ast.
2163 4857 2220 4955 5.)

269 4953 636 5088 {ffiwfla‘ffiff'ffi
655 4949 746 5019 ‘mi'
759 4945 873 5017 Ἀργώ
890 4944 1043 5015 ’'“lmnj'
1070 4947 1182 4997 ”³⁶⁶⁰
1234 4984 1275 5043 ut
1290 4972 1377 5042 socii
1391 4972 1461 5042 sint
1478 4970 1730 5064 periculorum.
1782 4966 1840 5035 Sic
1856 4965 1954 5034 dixit.
2006 4960 2141 5054 lupiter
2155 4986 2218 5031 au·
2287 5048 2290 5055 Ι

233 5105 283 5173 st)
302 5104 419 5174 rupti]
441 5108 483 5158 ste
504 5108 555 5158 re.
577 5106 652 5157 ttae.
678 5103 726 5171 (=
742 5104 819 5156 rint.
841 5095 1001 5168 scupos„
1035 5099 1084 5149 ua.
1106 5096 1179 5148 taes.
1234 5087 1305 5144 tem
1323 5076 1465 5144 adeum
1481 5074 1596 5155 venit,
1622 5084 1658 5141 et
1673 5069 1762 5138 dixit
1776 5063 1863 5136 haec
1877 5066 2002 5134 verba:
2033 5065 2092 5135 'l'u
2118 5089 2217 5135 meus

231 5177 489 5327 ill-lldtlstn'lhlo
505 5259 555 5311 Ed.
571 5258 665 5321 11184
687 5258 736 5309 ut.
754 5254 829 5308 tm.
848 5256 977 5305 Danum.

232 5347 281 5410 2⁶}
299 5342 605 5406 Uttse1stet=lttnd
622 5335 1181 5403 otue)re1ass.,u.stepa.‚ueyns‚
1266 5340 1316 5405 κ)
1335 5341 1414 5398 esse]
1438 5336 1479 5387 sto
1504 5336 1553 5387 ltu.
1572 5337 1664 5399 tete..
1694 5341 1723 5388 et
1739 5337 1892 5401 tuterprett.
1911 5337 1943 5387 ΙΙ.
1964 5337 2075 5402 steph,
2102 5333 2216 5398 Bryntt,

268 5415 405 5479 Βοιὼ.)
428 5413 479 5465 ld.
493 5412 568 5466 1118.
586 5410 643 5463 utu
661 5412 707 5471 tut
723 5407 752 5460 lu
768 5407 969 5471 luserlpttone).
1303 5406 1446 5465 uoeclthii3
1470 5404 1518 5453 tte.
1537 5404 1610 5456 tw.
1631 5411 1718 5460 esset.

1237 5246 1440 5264 m
