4762 6008
88 301 165 379 45]
585 296 771 371 LXXXIX.
822 293 1106 369 ENARRATIO
1137 292 1376 367 AENElDOS
1410 293 1617 377 VlRGlLlI.
2037 303 2111 379 458

90 471 173 571 etc.]
197 469 372 541 Fortassis
394 471 520 540 alludit
544 472 590 538 ad
612 469 829 560 Capitolium
855 468 1074 537 Romanum.
1126 466 1224 537 liam.
1320 467 1398 538 Vss.
1414 468 1490 540 460
1504 495 1582 563 sqq.
1608 467 1822 567 damoeta]
1844 472 1906 543 His
1921 469 2111 544 vehemen-

90 571 881 663 Vs.195.DiciteDerdenidce]Interrogatio.
916 568 1073 641 νε.202.
1127 568 1220 637 tibus
1252 570 1434 641 versiculis
1467 572 1634 663 exprimit
1659 569 1920 643 vehementiam
1955 577 2114 650 affectus.

88 677 286 768 hospitium]
313 674 369 745 lus
385 670 571 766 hospitale.
681 674 742 744 Vs.
758 671 845 747 204.
871 675 998 760 Sponte
1011 696 1075 741 cna
1125 668 1186 739 Vs.
1205 667 1290 743 462.
1307 668 1398 769 dra]
1431 670 1487 740 lra
1512 674 1615 742 vitiat
1639 675 1861 764 sanguinem.
1951 677 2012 748 Vs.
2024 680 2112 751 468.
2186 684 2189 689 “

90 777 177 875 etc.]
203 777 340 847 Alludit
357 778 403 845 ad
417 777 563 847 Saturni
580 790 741 866 tempora
758 799 886 855 iturea,
913 799 985 865 quo
1008 769 1074 841 bo·
1125 767 1270 867 Indicit]
1297 771 1629 848 lndiciturbellum.
1731 776 1792 847 Vs.
1808 776 1894 848 481.
1925 784 1968 849 Ut
1981 805 2112 852 ceronm

89 882 206 953 mines
220 879 296 950 sine
311 880 407 969 lege,
435 903 499 949 sua
516 892 642 970 sponte
670 880 759 947 bene
780 876 960 944 vivebant.
1011 875 1074 944 At·
1127 876 1208 965 etc.]
1233 873 1383 946 Occasio
1399 877 1494 946 belli.
1569 878 1630 950 νε.
1646 874 1733 950 485.
1757 876 1965 977 Nutrilont]
1987 883 2113 974 Quon-

91 1008 161 1078 que
185 982 274 1050 adeo
296 980 410 1071 legem
436 994 585 1050 naturae
601 980 748 1050 Saturni
768 977 989 1068 temporibus
1015 980 1074 1047 de·
1126 978 1208 1061 darp
1227 1000 1269 1045 ex
1284 979 1378 1070 agris
1395 1003 1495 1070 reges
1510 981 1730 1051 victitabant.
1819 981 1881 1053 Vs.
1900 982 1986 1055 494.
2015 989 2113 1056 Com-

91 1087 234 1175 signant
255 1096 393 1174 poetae.
511 1082 571 1176 νε.
587 1082 674 1155 216.
708 1083 855 1154 Concilio
874 1082 963 1150 lanc
988 1074 1073 1174 etc.]
1126 1102 1255 1149 morere
1270 1081 1387 1170 eones]
1402 1083 1538 1152 lllludit
1553 1088 1597 1153 ad
1615 1097 1780 1154 naturam
1798 1087 1904 1156 cervi.
1955 1083 2112 1160 νε.502.

91 1185 270 1258 Narratio.
372 1185 432 1256 Vs.
446 1185 534 1258 219.
568 1188 622 1255 Ab
636 1190 712 1256 love
726 1184 808 1273 etc.]
836 1182 1073 1251 Commenda-
1126 1184 1236 1275 Atque
1251 1180 1464 1282 imploranti]
1489 1180 1626 1268 πάθος.
1719 1186 1780 1259 νε.
1796 1183 1883 1259 506.
1906 1187 2111 1285 conclamat]

90 1289 142 1356 tio
159 1289 301 1357 Aeneae
318 1290 363 1356 ah
377 1288 503 1378 opibus
520 1300 554 1356 et
569 1311 709 1377 genere.
804 1284 864 1355 Vs.
880 1285 969 1359 231.
994 1290 1074 1355 Non
1127 1282 1361 1354 Conclamata
1375 1289 1523 1356 verbum
1538 1302 1590 1358 est
1604 1289 1770 1360 militare.
1852 1291 1913 1360 Vs.
1931 1287 2018 1362 508.
2045 1297 2111 1362 Ri-

89 1394 217 1460 erimna
233 1390 315 1479 etc.]
341 1389 450 1458 Ratio
468 1389 651 1481 petitionis
667 1389 712 1456 ab
725 1387 816 1455 utili.
907 1387 968 1456 Vs.
985 1384 1073 1459 234.
1125 1390 1253 1470 menti,
1277 1384 1397 1485 telam]
1425 1390 1542 1460 Furor
1555 1414 1655 1459 arma
1673 1393 1862 1464 ministrat.
1947 1392 2008 1463 Vs.
2025 1391 2112 1466 518.

89 1496 176 1562 Fata
195 1516 259 1581 per
282 1488 368 1589 etc]
394 1491 605 1563 Obtestatio.
701 1490 762 1558 Vs.
775 1490 863 1562 236.
889 1491 998 1561 Mnlti
1014 1512 1074 1558 noc
1126 1490 1170 1556 lit
1184 1486 1353 1587 trepidae]
1380 1485 1515 1572 πάθος.
1607 1493 1669 1562 νε.
1684 1488 1771 1568 526.
1797 1492 1991 1592 Horrescit]
2018 1493 2111 1568 ὑπο·

89 1595 217 1685 papuli]
251 1595 307 1663 Ab
331 1590 493 1665 honesto.
612 1591 672 1663 Vs.
688 1591 776 1665 239.
810 1595 879 1663 Sed
901 1617 962 1662 nos
981 1589 1073 1682 seta]
1124 1581 1299 1673 τύπωσις.
1402 1593 1462 1662 νε.
1479 1592 1565 1669 528.
1591 1598 1726 1667 antnc
1740 1600 1791 1667 nti
1806 1600 1887 1691 ete]
1915 1598 2111 1690 Compara.

89 1696 351 1767 Anecessitate.
403 1695 558 1770 Vs.24'3.
577 1700 651 1767 Dat
662 1693 866 1789 tiquona.
917 1688 1072 1766 νε.269.
1125 1690 1215 1773 lio,·
1234 1719 1305 1785 qua
1325 1696 1513 1781 describit,
1547 1700 1730 1790 quomodo
1754 1703 1904 1768 creverit
1928 1702 2111 1771 ttxnmltns.

92 1800 243 1867 Tandem
263 1801 398 1892 laetum]
423 1797 648 1891 lmprecatio.
757 1796 817 1868 Vs.
833 1797 921 1870 260.
955 1801 1074 1887 Anpn·
1124 1791 1185 1862 Vs.
1204 1791 1291 1866 546.
1318 1801 1405 1882 Dic,
1432 1796 1693 1896 inomicitinm]
1719 1798 1852 1872 leonia.
1946 1802 2007 1874 Vs.
2022 1798 2111 1873 556.

88 1896 342 1996 εἰιιπεᾳυεεῑε.]
369 1902 507 1970 Alludit
526 1906 571 1968 ad
595 1925 695 1970 suam
720 1900 974 1991 cogitationem
998 1922 1074 1965 ma·
1126 1896 1327 1996 Hprepinm]
1362 1898 1495 1972 lronia.
1596 1902 1656 1973 Vs.
1676 1899 1762 1974 565.
1788 1902 1985 2002 meant]
2012 1907 2117 1974 Allo·-

88 2002 163 2092 gis,
189 2004 358 2093 quamad
374 2003 581 2093 petitionem
599 2002 855 2073 Troianorum.
913 2002 974 2072 Vs.
986 2000 1073 2075 266.
1125 1999 1179 2067 dit
1192 2007 1237 2069 ad
1254 1998 1456 2074 historiam.
1506 2004 1570 2095 Est
1587 2005 1681 2073 enim
1699 2006 1913 2077 Amsanctus
1935 2010 1973 2076 iu
1990 2008 2110 2097 llirpi-

89 2109 180 2177 Para
198 2105 284 2175 milti
306 2107 388 2198 etc.]
413 2104 531 2176 Fides.
635 2102 694 2174 Vs.
713 2104 802 2178 274.
827 2109 941 2200 equos]
965 2103 1073 2198 Equi,
1125 2100 1182 2169 nis
1202 2104 1320 2185 locus,
1347 2128 1454 2198 quem
1478 2107 1540 2198 qui
1565 2109 1763 2189 intravere,
1788 2111 1905 2179 subito
1931 2110 2111 2179 emoriun-

88 2209 186 2299 regia
209 2213 316 2280 dona.
420 2208 480 2281 νε.
496 2208 583 2282 293.
609 2212 685 2277 Heu
707 2208 861 2300 stirpem]
887 2207 1074 2277 Exclama-
1125 2214 1195 2275 tur.
1297 2205 1357 2278 Vs.
1371 2202 1459 2278 591.
1488 2214 1611 2282 Verum
1626 2213 1683 2280 ott
1698 2214 1779 2301 etc]
1805 2212 2016 2303 Exemplum
2039 2225 2112 2282 stu·

91 2311 154 2381 tio.
255 2311 317 2381 Vs.
331 2307 420 2384 295.
446 2317 539 2382 Num
554 2314 645 2398 capti
661 2306 746 2405 etc]
773 2306 984 2402 παθητικὴ,
1009 2309 1073 2379 sci·
1125 2305 1177 2372 dii
1201 2309 1295 2397 pacis
1318 2310 1356 2377 in
1378 2311 1551 2404 principe.
1653 2312 1713 2384 νε.
1730 2309 1816 2387 595.
1849 2319 1921 2404 Ipsi
1941 2318 2003 2385 lna
2024 2308 2111 2410 etc]

89 2412 172 2482 licet
185 2414 316 2482 frustra
332 2413 399 2482 sibi
417 2413 562 2500 periisse
580 2422 718 2478 tantum
742 2411 875 2480 laboris
898 2413 937 2478 in
958 2434 1075 2498 perse·
1125 2404 1276 2477 Latinus
1293 2412 1424 2479 bellum
1440 2415 1630 2485 dissuadet.
1713 2415 1791 2487 νεε.
1805 2412 1881 2487 596
1895 2444 1948 2509 sq.
1967 2430 2000 2489 te
2012 2421 2113 2488 triete

89 2515 241 2607 quendis
263 2511 445 2583 Troianis.
570 2511 646 2582 Vss.
661 2508 737 2580 304
753 2535 830 2604 sqq.
870 2515 975 2583 Mera
995 2536 1075 2601 per·
1127 2505 1214 2604 etc.]
1249 2509 1480 2583 Vaticinium.
1613 2516 1674 2587 Vs.
1691 2517 1777 2590 604.
1810 2525 1891 2592 Sine
1914 2524 2008 2593 Getta
2032 2517 2112 2609 etc]

88 2620 169 2685 dere
191 2610 277 2710 etc.]
311 2613 513 2703 Exaggerat
540 2616 586 2683 ah
617 2613 786 2703 exemplis
818 2626 898 2683 eta
933 2614 1075 2682 maiori.
1126 2604 1291 2693 lndicat,
1349 2637 1457 2704 quam
1511 2616 1581 2685 late
1633 2620 1891 2713 imperaverint
1942 2621 2113 2689 llomani.

89 2716 152 2786 νε.
174 2715 259 2786 308.
285 2722 577 2807 Astapomcpna]
604 2715 810 2805 Adaptatio.
912 2716 972 2786 Vs.
988 2714 1075 2787 310.
1127 2709 1188 2780 νε.
1210 2712 1298 2782 610.
1337 2711 1463 2812 lanne]
1502 2714 1607 2788 lanus
1638 2722 1773 2795 bifrons
1805 2741 1839 2794 et
1873 2725 2113 2817 quadrifrons.

94 2823 220 2890 Vincor
257 2824 298 2889 nl
331 2823 465 2905 Aenea]
508 2818 565 2888 lra
606 2816 826 2907 indignitatis
871 2820 1075 2889 consultrix.
1126 2811 1187 2883 νε.
1206 2816 1294 2889 623.
1333 2821 1441 2889 Ardet
1469 2823 1638 2915 inexcita]
1679 2825 1814 2914 Vulgus
1845 2830 2114 2904 accendebatur,

37 2954 40 2958 ·
88 2919 151 2991 νε.
166 2916 255 2992 315.
280 2926 328 2992 At
343 2923 492 3014 cratere]
518 2918 736 2994 Confutatio.
839 2920 916 2994 νεε.
932 2923 1009 2998 820
1022 2947 1075 3017 sq.
1128 2941 1207 2985 cum
1223 2920 1369 2989 vidisset
1384 2936 1506 3009 portas
1523 2949 1585 2992 sua
1604 2940 1729 3016 sponte
1746 2926 1890 3015 aperiri.
1948 2927 2009 2994 Vs.
2026 2920 2113 2993 635.

91 3028 217 3096 Cisseis
236 3049 431 3115 praeponas
454 3021 540 3122 etc]
582 3023 818 3117 amplificatio
847 3028 891 3095 ab
913 3022 1076 3097 historia.
1132 3023 1283 3092 l'orneric
1313 3019 1397 3119 lanc]
1440 3023 1664 3098 Desernntu'r
1695 3027 1771 3120 agri
1806 3049 1892 3098 cura
1925 3027 2115 3096 bellorum.

89 3125 151 3198 νε.
170 3127 256 3201 327.
292 3132 425 3203 delitet
448 3129 535 3218 ipse]
559 3127 812 3220 Amplisicatio.
914 3128 975 3199 Vs.
989 3129 1076 3199 331.
1127 3121 1189 3194 νε.
1206 3123 1293 3195 641.
1319 3128 1466 3197 Pandite
1480 3125 1588 3225 nnnc]
1606 3128 1799 3200 luvocatio.
1853 3128 1929 3198 Vss.
1947 3128 2022 3199 647
2035 3151 2115 3221 sqq.

89 3234 192 3304 Hunc
213 3235 297 3303 milti
319 3233 381 3321 da]
414 3230 558 3301 Petitio.
685 3228 746 3298 Vs.
770 3226 857 3300 335.
896 3237 948 3302 Tu
967 3236 1076 3323 potes]
1129 3230 1268 3299 Primus
1299 3233 1367 3299 init
1395 3228 1624 3329 bellumue]
1657 3232 1846 3323 Catalogus
1871 3234 2021 3314 ducum,
2052 3229 2116 3322 qui
2157 3270 2160 3275 ·

91 3336 246 3406 Aiacili.
348 3332 409 3403 Vs.
425 3333 510 3404 839.
537 3337 669 3407 Diaiice
692 3336 1077 3424 compositem1Horta-
1129 3331 1293 3400 Turnum
1313 3331 1423 3401 secuti
1438 3346 1531 3401 sunt.
1632 3336 1693 3406 Vs.
1711 3333 1798 3406 653.
1825 3337 2117 3429 qnilnetioreaaet

91 3438 156 3508 tio.
264 3437 324 3508 Vs.
339 3435 425 3509 347.
454 3442 614 3522 Coniicit,
641 3439 756 3535 inque]
785 3436 892 3506 Furia
917 3436 1079 3506 immittit
1132 3435 1215 3526 eto]
1249 3458 1356 3527 quam
1389 3448 1430 3503 ut
1461 3450 1648 3525 raperetur
1679 3442 1717 3507 in
1745 3436 1814 3507 hac
1845 3439 2000 3520 belhan,
2041 3459 2114 3530 quo

94 3563 229 3611 curam.
321 3541 399 3612 Vss.
416 3538 490 3612 358
505 3567 557 3635 sq.
585 3544 702 3614 Malta
715 3540 829 3630 snper]
856 3532 1077 3608 Exclamatio
1130 3537 1248 3626 periit.
1358 3534 1418 3604 Vs.
1435 3534 1521 3607 675.
1547 3543 1708 3610 Homolen
1726 3535 1939 3634 Otlrpnqnc]
1974 3539 2116 3607 Montes
2247 3530 2290 3625 1,*ζ

93 3644 280 3714 contineas
303 3646 599 3734 propositionem.
707 3641 785 3710 νεε.
802 3643 877 3709 360
892 3666 944 3732 sq.
981 3645 1010 3712 0
1020 3665 1079 3729 pe·
1131 3633 1348 3706 Thessaliae.
1444 3636 1505 3705 Vs.
1521 3636 1608 3709 685.
1629 3637 1816 3734 Amasene]
1839 3641 2036 3707 Amasenus
2050 3637 2116 3706 flu·

92 3742 212 3835 nitori
237 3742 323 3839 ete]
350 3747 409 3813 Fit
424 3760 542 3814 autem
560 3742 844 3830 udHocaturpi.
910 3739 971 3810 Vs.
992 3738 1078 3809 365.
1132 3738 1210 3805 vius
1225 3736 1455 3824 Campaniae.
1548 3737 1608 3808 Vs.
1626 3739 1712 3809 691.
1733 3747 1782 3811 Aa
1795 3735 1995 3834 Messapus]
2016 3738 2116 3807 Mes-

94 3851 184 3931 Qnid
200 3849 355 3936 temeto]
380 3848 437 3914 ab
451 3838 615 3915 honesto.
725 3843 786 3913 Vs.
803 3843 890 3913 367.
916 3847 960 3914 Si
976 3866 1081 3933 pener
1104 3828 1107 3923 4
1131 3861 1236 3927 sapas
1253 3836 1425 3928 peculiari
1441 3839 1514 3905 fato
1531 3854 1626 3909 tutus
1647 3845 1879 3910 eratafiuro.
1953 3841 2013 3911 νε.
2029 3836 2116 3911 695.

94 3941 177 4040 ete]
203 3947 422 4016 Coulutatio.
526 3945 603 4016 νεε.
617 3944 691 4014 876
710 3971 787 4038 sqq.
823 3950 910 4016 llam
929 3969 1006 4016 cero
1023 3948 1080 4014 in-
1104 3928 1107 4033 4
1131 3943 1180 4010 Hi
1192 3942 1419 4011 Fescenninos
1434 3936 1520 4037 ete]
1547 3942 1767 4034 Campaniae
1784 3947 1900 4014 urlres.
1951 3943 2012 4013 Vs.
2029 3942 2118 4016 698.

90 4047 201 4140 felia]
235 4049 285 4117 Ut
306 4048 378 4116 vim
399 4046 532 4117 suroris
554 4047 748 4139 exprimat,
778 4049 880 4139 fingit
906 4045 1080 4117 bacchan-
1104 4038 1107 4159 i
1131 4047 1233 4115 liant
1252 4037 1405 4138 aequati]
1431 4042 1535 4115 Ritus
1555 4046 1752 4116 ovantium.
1855 4043 1934 4116 Vss.
1950 4045 2027 4116 699
2039 4071 2118 4141 sqq.

94 4166 198 4232 tem,
250 4153 348 4244 qnod
392 4150 517 4220 similis
558 4143 808 4219 bacchantium
856 4148 1079 4220 discursaret.
1104 4166 1108 4201 ¹
1133 4152 1200 4222 Gen
1229 4147 1394 4242 piendam
1425 4144 1510 4244 etc]
1547 4148 1770 4219 Snbohscure
1794 4148 1967 4239 significat
1990 4148 2118 4219 ordine
2191 4234 2197 4243 Ι

93 4252 157 4322 Vs.
172 4253 258 4324 386.
293 4248 410 4350 nefas]
444 4248 681 4320 Bacchanalia
711 4253 810 4319 nefas
835 4266 958 4335 vocat,
997 4277 1081 4341 pro·
1104 4210 1108 4335 4
1132 4274 1193 4320 eos
1207 4248 1410 4328 incessisse,
1442 4253 1525 4339 quia
1553 4253 1789 4342 corapositum
1815 4276 1959 4320 carmen
1984 4252 2119 4320 cecine-

95 4369 176 4448 pter
185 4356 435 4425 Romanorum
454 4355 591 4444 legem,
617 4378 686 4447 qua
705 4367 846 4421 cautum
864 4367 916 4424 est
933 4358 976 4423 de
993 4354 1082 4423 Bac·
1105 4342 1108 4368 ¹
1133 4354 1217 4424 rint.
1320 4350 1381 4420 Vs.
1397 4348 1484 4420 717.
1510 4350 1704 4450 diliasete]
1731 4354 1802 4435 Ubi
1822 4355 1918 4425 Galli
1932 4354 2117 4424 Romanos

97 4455 317 4529 chanalibus.
435 4456 497 4527 νε.
515 4455 600 4528 400.
640 4458 790 4528 Clamet:
825 4457 880 4548 lo]
914 4457 1081 4525 Hortatio
1132 4455 1305 4525 vicerunt.
1392 4452 1453 4523 Vs.
1468 4451 1553 4526 730.
1581 4453 1724 4554 aclides]
1751 4457 1892 4527 Aclides
1909 4457 2001 4539 tela,
2026 4478 2118 4548 quae

98 4562 142 4628 ab
169 4562 298 4631 officio.
424 4559 484 4630 Vs.
508 4558 594 4633 412.
627 4560 759 4651 Ardea]
792 4561 910 4629 Ardea
940 4560 1082 4629 colonia
1135 4558 1341 4626 vulneribus
1357 4557 1458 4626 factis
1474 4553 1717 4630 retrahuntur.
1796 4557 1857 4629 Vs.
1871 4558 1957 4632 782.
1983 4552 2118 4651 caetra]

96 4662 344 4755 Mycenornm.
454 4660 514 4732 Vs.
533 4662 618 4736 421.
647 4648 861 4758 Turneetc.]
886 4661 1084 4754 Exasperat
1135 4660 1283 4743 Caetra,
1307 4672 1445 4729 scutum
1463 4659 1708 4751 Hispanicum.
1790 4659 2121 4746 versaremus

99 4765 146 4831 ab
160 4765 428 4855 ingratitudine.
527 4766 587 4837 Vs.
602 4763 688 4836 423.
715 4768 794 4833 nea
805 4768 869 4836 tili
886 4766 968 4857 etc.]
993 4767 1083 4836 Pro·
1131 4757 1269 4859 pcneri]
1293 4761 1432 4832 Alludit
1454 4764 1499 4830 ad
1524 4758 1711 4835 historiam
1730 4763 1957 4845 Marsorum,
1990 4761 2119 4851 quibus

98 4865 241 4954 positio.
370 4866 432 4936 νε.
457 4865 544 4941 424.
584 4878 811 4962 externusque
834 4872 917 4954 ete]
949 4865 1083 4937 lronia.
1135 4865 1203 4934 fuit
1216 4866 1337 4933 nativa
1354 4867 1529 4955 quaedam
1546 4865 1902 4936 viscontravenena.
1959 4862 2021 4931 Vs.
2031 4857 2119 4933 765.

97 4966 161 5036 νε.
175 4964 260 5041 426.
296 4973 495 5063 Tyrrhenas
519 4966 603 5068 etc]
632 4969 872 5060 Exprobratio
895 4971 1084 5039 beneficio-
1108 4926 1112 5021 4
1135 4961 1370 5063 Hippolytum]
1397 4966 1611 5060 Hippolytus
1625 4968 1808 5036 restitutus
1822 4965 1917 5034 vitae
1936 4966 2121 5035 abAescu·

98 5094 194 5139 rum.
277 5071 339 5143 Vs.
354 5071 440 5146 428.
465 5078 547 5162 Ipso
557 5076 673 5164 palam
685 5067 780 5168 sari]
809 5072 865 5141 Ab
881 5073 1084 5143 autoritate.
1108 5026 1112 5119 4
1135 5072 1253 5162 lapio‚
1285 5069 1463 5162 Apollinis
1484 5069 1578 5152 lilio,
1613 5070 1711 5137 cuins
1731 5090 1878 5158 operam
1895 5068 2012 5137 Diana
2035 5090 2120 5136 con·

98 5170 158 5242 νε.
175 5172 260 5248 429.
289 5179 400 5261 Quare
414 5172 493 5272 ope]
522 5174 732 5246 Consilium.
813 5173 873 5246 Vs.
891 5171 977 5247 432.
1006 5179 1086 5248 Coc-
1137 5175 1297 5244 duxerat.
1362 5171 1424 5241 νε.
1441 5169 1527 5241 790.
1553 5176 1649 5243 Auro
1664 5164 1869 5267 incipnilct]
1892 5166 2120 5264 Aenianum

99 5277 218 5347 ledum
243 5275 328 5375 etc]
362 5279 553 5349 Conclusio
577 5281 621 5346 ab
642 5273 805 5347 honesto.
921 5276 982 5349 Vs.
998 5275 1085 5350 448.
1109 5264 1113 5337 l
1136 5277 1269 5367 Argiva
1287 5297 1386 5344 arma
1400 5274 1549 5356 Turno,
1574 5274 1799 5366 utsignilicet
1813 5274 1984 5365 Argivum
2001 5272 2120 5343 luisse.

102 5381 461 5476 Tantapncsesceiec]
486 5380 623 5451 Alludit
645 5382 689 5447 ad
710 5379 951 5449 conditionem
976 5380 1086 5450 irato·
1110 5368 1114 5441 l
1143 5402 1349 5417 -··“··-“

97 5505 178 5552 rum
295 5482 346 5554 Vs
375 5478 449 5557 452
481 5477 726 5579 Enepooicta]
751 5481 882 5552 Reiicit
905 5444 1115 5577 contumel
1172 5442 1390 5564 Ἢνννη]
1410 5440 1451 5491 ⁸¹⁰
1475 5439 1558 5492 ’4444
1579 5442 1672 5509 Μ’
1700 5442 1794 5508 4Μὸ
1828 5442 1915 5497 wli·
1931 5441 2023 5503 ¹⁶⁴⁰o
2045 5440 2121 5501 ¹¹⁰1·

181 5534 193 5554 '
348 5533 357 5556 '
452 5531 461 5553 ⁶
1263 5512 1340 5577 nna,
1365 5510 1415 5562 na
1431 5508 1509 5563 caat.
1525 5510 1652 5577 animet.
