<?xml version="1.0" encoding="UTF-8"?>
<!DOCTYPE html PUBLIC "-//W3C//DTD XHTML 1.0 Transitional//EN"
    "http://www.w3.org/TR/xhtml1/DTD/xhtml1-transitional.dtd">
<html xmlns="http://www.w3.org/1999/xhtml" xml:lang="en" lang="en">
 <head>
  <title>
</title>
<meta http-equiv="Content-Type" content="text/html;charset=utf-8" />
  <meta name='ocr-system' content='tesseract 3.04.00' />
  <meta name='ocr-capabilities' content='ocr_page ocr_carea ocr_par ocr_line ocrx_word'/>
</head>
<body>
  <div class='ocr_page' id='page_1' title='image "./philippimelanth03melagoog_0199.png"; bbox 0 0 4762 6008; ppageno 0'>
   <div class='ocr_carea' id='block_1_1' title="bbox 264 296 2300 389">
    <p class='ocr_par' dir='ltr' id='par_1_1' title="bbox 264 296 2300 389">
     <span class='ocr_line' id='line_1_1' title="bbox 264 296 2300 389; baseline 0.004 -14"><span class='ocrx_word' id='word_1_1' title='bbox 264 310 338 385; x_wconf 72' lang='lat'><strong>3⁴71</strong></span> <span class='ocrx_word' id='word_1_2' title='bbox 848 301 970 376; x_wconf 88' lang='lat' dir='ltr'><strong>PHlL.</strong></span> <span class='ocrx_word' id='word_1_3' title='bbox 1005 300 1118 374; x_wconf 83' lang='lat' dir='ltr'><strong>MEL.</strong></span> <span class='ocrx_word' id='word_1_4' title='bbox 1151 298 1352 374; x_wconf 82' lang='lat' dir='ltr'>SCRIPTA</span> <span class='ocrx_word' id='word_1_5' title='bbox 1384 296 1719 376; x_wconf 82' lang='lat' dir='ltr'><strong>PHILOLOGICA.</strong></span> <span class='ocrx_word' id='word_1_6' title='bbox 2222 308 2300 389; x_wconf 74' lang='grc'><strong>872</strong></span> 
     </span>
    </p>
   </div>
   <div class='ocr_carea' id='block_1_2' title="bbox 238 468 2302 3420">
    <p class='ocr_par' dir='ltr' id='par_1_2' title="bbox 238 468 2302 874">
     <span class='ocr_line' id='line_1_2' title="bbox 368 468 2298 575; baseline 0.006 -36"><span class='ocrx_word' id='word_1_7' title='bbox 368 478 531 552; x_wconf 71' lang='lat' dir='ltr'><strong>Vs;252.</strong></span> <span class='ocrx_word' id='word_1_8' title='bbox 559 469 687 568; x_wconf 66' lang='lat' dir='ltr'><strong>Rapit]</strong></span> <span class='ocrx_word' id='word_1_9' title='bbox 719 471 840 552; x_wconf 89' lang='lat' dir='ltr'><strong>idest,</strong></span> <span class='ocrx_word' id='word_1_10' title='bbox 866 487 1056 565; x_wconf 91' lang='lat' dir='ltr'><strong>propterea</strong></span> <span class='ocrx_word' id='word_1_11' title='bbox 1086 473 1253 544; x_wconf 90' lang='lat' dir='ltr'><strong>distribn-</strong></span> <span class='ocrx_word' id='word_1_12' title='bbox 1303 497 1386 543; x_wconf 88' lang='lat' dir='ltr'><strong>nem</strong></span> <span class='ocrx_word' id='word_1_13' title='bbox 1412 468 1616 565; x_wconf 69' lang='lat' dir='ltr'><strong>physicam,</strong></span> <span class='ocrx_word' id='word_1_14' title='bbox 1642 487 1683 542; x_wconf 91' lang='lat' dir='ltr'><strong>ut</strong></span> <span class='ocrx_word' id='word_1_15' title='bbox 1708 472 1860 565; x_wconf 89' lang='lat' dir='ltr'><strong>septimo</strong></span> <span class='ocrx_word' id='word_1_16' title='bbox 1886 473 1943 543; x_wconf 93' lang='lat' dir='ltr'><strong>die</strong></span> <span class='ocrx_word' id='word_1_17' title='bbox 1972 476 2035 544; x_wconf 88' lang='lat' dir='ltr'><strong>liat</strong></span> <span class='ocrx_word' id='word_1_18' title='bbox 2059 477 2178 564; x_wconf 88' lang='lat' dir='ltr'><strong>crisis,</strong></span> <span class='ocrx_word' id='word_1_19' title='bbox 2212 483 2298 575; x_wconf 79' lang='lat' dir='ltr'><strong>quia</strong></span> 
     </span>
     <span class='ocr_line' id='line_1_3' title="bbox 267 574 2300 671; baseline 0.001 -19"><span class='ocrx_word' id='word_1_20' title='bbox 267 597 325 652; x_wconf 88' lang='lat' dir='ltr'><strong>tae</strong></span> <span class='ocrx_word' id='word_1_21' title='bbox 350 594 432 650; x_wconf 91' lang='lat' dir='ltr'><strong>sunt</strong></span> <span class='ocrx_word' id='word_1_22' title='bbox 458 581 550 647; x_wconf 87' lang='lat' dir='ltr'><strong>vices</strong></span> <span class='ocrx_word' id='word_1_23' title='bbox 572 592 607 646; x_wconf 91' lang='lat' dir='ltr'><strong>et</strong></span> <span class='ocrx_word' id='word_1_24' title='bbox 625 599 746 644; x_wconf 91' lang='lat' dir='ltr'><strong>rursus</strong></span> <span class='ocrx_word' id='word_1_25' title='bbox 762 574 919 641; x_wconf 89' lang='lat' dir='ltr'><strong>ordinati</strong></span> <span class='ocrx_word' id='word_1_26' title='bbox 934 575 1018 644; x_wconf 92' lang='lat' dir='ltr'><strong>solis</strong></span> <span class='ocrx_word' id='word_1_27' title='bbox 1038 586 1073 643; x_wconf 92' lang='lat' dir='ltr'><strong>et</strong></span> <span class='ocrx_word' id='word_1_28' title='bbox 1097 576 1254 671; x_wconf 88' lang='lat' dir='ltr'><strong>reliquo·</strong></span> <span class='ocrx_word' id='word_1_29' title='bbox 1305 588 1390 644; x_wconf 88' lang='lat' dir='ltr'><strong>tunc</strong></span> <span class='ocrx_word' id='word_1_30' title='bbox 1417 575 1625 665; x_wconf 61' lang='lat' dir='ltr'><strong>Dpervenit</strong></span> <span class='ocrx_word' id='word_1_31' title='bbox 1643 576 1679 642; x_wconf 94' lang='lat' dir='ltr'><strong>in</strong></span> <span class='ocrx_word' id='word_1_32' title='bbox 1696 576 1915 644; x_wconf 88' lang='lat' dir='ltr'><strong>contrarium</strong></span> <span class='ocrx_word' id='word_1_33' title='bbox 1932 576 2092 667; x_wconf 84' lang='lat' dir='ltr'><strong>signum,</strong></span> <span class='ocrx_word' id='word_1_34' title='bbox 2116 594 2157 650; x_wconf 91' lang='lat' dir='ltr'><strong>ut</strong></span> <span class='ocrx_word' id='word_1_35' title='bbox 2179 607 2300 654; x_wconf 86' lang='lat' dir='ltr'><strong>exem·</strong></span> 
     </span>
     <span class='ocr_line' id='line_1_4' title="bbox 268 676 2301 770; baseline -0.002 -15"><span class='ocrx_word' id='word_1_36' title='bbox 268 710 348 755; x_wconf 89' lang='lat' dir='ltr'><strong>rum</strong></span> <span class='ocrx_word' id='word_1_37' title='bbox 378 684 557 762; x_wconf 89' lang='lat' dir='ltr'><strong>siderum,</strong></span> <span class='ocrx_word' id='word_1_38' title='bbox 600 691 640 747; x_wconf 89' lang='lat' dir='ltr'><strong>ut</strong></span> <span class='ocrx_word' id='word_1_39' title='bbox 668 687 867 765; x_wconf 81' lang='lat' dir='ltr'><strong>temperent</strong></span> <span class='ocrx_word' id='word_1_40' title='bbox 902 676 1006 746; x_wconf 90' lang='lat' dir='ltr'><strong>nobis</strong></span> <span class='ocrx_word' id='word_1_41' title='bbox 1036 700 1175 760; x_wconf 87' lang='lat' dir='ltr'><strong>aerem,</strong></span> <span class='ocrx_word' id='word_1_42' title='bbox 1215 690 1255 746; x_wconf 91' lang='lat' dir='ltr'><strong>nt</strong></span> <span class='ocrx_word' id='word_1_43' title='bbox 1305 676 1356 768; x_wconf 93' lang='lat' dir='ltr'><strong>pli</strong></span> <span class='ocrx_word' id='word_1_44' title='bbox 1377 678 1493 764; x_wconf 89' lang='lat' dir='ltr'><strong>gratia</strong></span> <span class='ocrx_word' id='word_1_45' title='bbox 1524 676 1563 744; x_wconf 91' lang='lat' dir='ltr'><strong>in</strong></span> <span class='ocrx_word' id='word_1_46' title='bbox 1585 677 1774 745; x_wconf 92' lang='lat' dir='ltr'><strong>novilunio</strong></span> <span class='ocrx_word' id='word_1_47' title='bbox 1800 677 1868 745; x_wconf 83' lang='lat' dir='ltr'><strong>fuit</strong></span> <span class='ocrx_word' id='word_1_48' title='bbox 1899 679 2105 749; x_wconf 88' lang='lat' dir='ltr'><strong>coniunctio</strong></span> <span class='ocrx_word' id='word_1_49' title='bbox 2128 683 2159 767; x_wconf 60' lang='lat' dir='ltr'><strong>h</strong></span> <span class='ocrx_word' id='word_1_50' title='bbox 2180 684 2217 752; x_wconf 90' lang='lat' dir='ltr'><strong>in</strong></span> <span class='ocrx_word' id='word_1_51' title='bbox 2248 690 2301 770; x_wconf 58' lang='grc' dir='ltr'><strong>δ’,</strong></span> 
     </span>
     <span class='ocr_line' id='line_1_5' title="bbox 238 778 2302 874; baseline -0.001 -18"><span class='ocrx_word' id='word_1_52' title='bbox 238 799 242 806; x_wconf 84' lang='grc'><strong>’</strong></span> <span class='ocrx_word' id='word_1_53' title='bbox 270 801 362 856; x_wconf 83' lang='lat' dir='ltr'><strong>terra</strong></span> <span class='ocrx_word' id='word_1_54' title='bbox 378 785 440 850; x_wconf 84' lang='lat' dir='ltr'><strong>fiat</strong></span> <span class='ocrx_word' id='word_1_55' title='bbox 457 782 643 849; x_wconf 84' lang='lat' dir='ltr'><strong>foecunda.</strong></span> <span class='ocrx_word' id='word_1_56' title='bbox 1305 784 1476 872; x_wconf 64' lang='lat' dir='ltr'><strong>postea)</strong></span> <span class='ocrx_word' id='word_1_57' title='bbox 1497 780 1649 868; x_wconf 91' lang='lat' dir='ltr'><strong>septimo</strong></span> <span class='ocrx_word' id='word_1_58' title='bbox 1677 779 1734 846; x_wconf 87' lang='lat' dir='ltr'><strong>die</strong></span> <span class='ocrx_word' id='word_1_59' title='bbox 1752 778 1926 866; x_wconf 61' lang='lat' dir='ltr'><strong>venirat,</strong></span> <span class='ocrx_word' id='word_1_60' title='bbox 1961 781 2025 874; x_wconf 87' lang='lat' dir='ltr'><strong>qui</strong></span> <span class='ocrx_word' id='word_1_61' title='bbox 2049 793 2144 852; x_wconf 88' lang='lat' dir='ltr'><strong>certe</strong></span> <span class='ocrx_word' id='word_1_62' title='bbox 2171 798 2222 855; x_wconf 87' lang='lat' dir='ltr'><strong>est</strong></span> <span class='ocrx_word' id='word_1_63' title='bbox 2248 788 2302 854; x_wconf 89' lang='lat' dir='ltr'><strong>al-</strong></span> 
     </span>
    </p>

    <p class='ocr_par' dir='ltr' id='par_1_3' title="bbox 269 873 2302 1282">
     <span class='ocr_line' id='line_1_6' title="bbox 370 873 2302 978; baseline 0.004 -29"><span class='ocrx_word' id='word_1_64' title='bbox 370 883 430 953; x_wconf 86' lang='lat' dir='ltr'><strong>Vs.</strong></span> <span class='ocrx_word' id='word_1_65' title='bbox 446 883 533 957; x_wconf 85' lang='grc'><strong>288.</strong></span> <span class='ocrx_word' id='word_1_66' title='bbox 587 873 753 974; x_wconf 84' lang='lat' dir='ltr'><strong>Quarum]</strong></span> <span class='ocrx_word' id='word_1_67' title='bbox 780 876 1057 949; x_wconf 88' lang='lat' dir='ltr'><strong>Discrimenseu</strong></span> <span class='ocrx_word' id='word_1_68' title='bbox 1075 878 1255 948; x_wconf 89' lang='lat' dir='ltr'><strong>distinctio</strong></span> <span class='ocrx_word' id='word_1_69' title='bbox 1307 878 1804 971; x_wconf 87' lang='lat' dir='ltr'><strong>teriuscomplexionisquam</strong></span> <span class='ocrx_word' id='word_1_70' title='bbox 1828 901 1876 973; x_wconf 54' lang='grc' dir='ltr'><strong>ες.</strong></span> <span class='ocrx_word' id='word_1_71' title='bbox 1918 880 1969 950; x_wconf 92' lang='lat' dir='ltr'><strong>lta</strong></span> <span class='ocrx_word' id='word_1_72' title='bbox 1986 890 2173 975; x_wconf 58' lang='lat' dir='ltr'><strong>psemper</strong></span> <span class='ocrx_word' id='word_1_73' title='bbox 2192 887 2302 978; x_wconf 89' lang='lat' dir='ltr'><strong>septi·</strong></span> 
     </span>
     <span class='ocr_line' id='line_1_7' title="bbox 271 975 2300 1083; baseline 0 -26"><span class='ocrx_word' id='word_1_74' title='bbox 271 1007 438 1076; x_wconf 88' lang='lat' dir='ltr'><strong>agrorum</strong></span> <span class='ocrx_word' id='word_1_75' title='bbox 462 999 498 1053; x_wconf 90' lang='lat' dir='ltr'><strong>et</strong></span> <span class='ocrx_word' id='word_1_76' title='bbox 516 985 677 1053; x_wconf 90' lang='lat' dir='ltr'><strong>locorum</strong></span> <span class='ocrx_word' id='word_1_77' title='bbox 695 978 942 1051; x_wconf 89' lang='lat' dir='ltr'><strong>habitabilium</strong></span> <span class='ocrx_word' id='word_1_78' title='bbox 967 994 1002 1050; x_wconf 89' lang='lat' dir='ltr'><strong>et</strong></span> <span class='ocrx_word' id='word_1_79' title='bbox 1020 1005 1094 1049; x_wconf 93' lang='lat' dir='ltr'><strong>non</strong></span> <span class='ocrx_word' id='word_1_80' title='bbox 1118 975 1256 1050; x_wconf 86' lang='lat' dir='ltr'><strong>hahita·</strong></span> <span class='ocrx_word' id='word_1_81' title='bbox 1307 1003 1368 1049; x_wconf 93' lang='lat' dir='ltr'><strong>mo</strong></span> <span class='ocrx_word' id='word_1_82' title='bbox 1393 977 1451 1047; x_wconf 88' lang='lat' dir='ltr'><strong>die</strong></span> <span class='ocrx_word' id='word_1_83' title='bbox 1476 980 1636 1049; x_wconf 86' lang='lat' dir='ltr'><strong>venitin</strong></span> <span class='ocrx_word' id='word_1_84' title='bbox 1666 982 1886 1051; x_wconf 89' lang='lat' dir='ltr'><strong>contrarium</strong></span> <span class='ocrx_word' id='word_1_85' title='bbox 1914 985 2055 1074; x_wconf 89' lang='lat' dir='ltr'><strong>signum</strong></span> <span class='ocrx_word' id='word_1_86' title='bbox 2080 987 2132 1071; x_wconf 90' lang='lat' dir='ltr'><strong>ei,</strong></span> <span class='ocrx_word' id='word_1_87' title='bbox 2164 988 2300 1083; x_wconf 89' lang='lat' dir='ltr'><strong>inquo</strong></span> 
     </span>
     <span class='ocr_line' id='line_1_8' title="bbox 269 1078 1638 1176; baseline -0.004 -18"><span class='ocrx_word' id='word_1_88' title='bbox 269 1089 408 1158; x_wconf 92' lang='lat' dir='ltr'><strong>bilium.</strong></span> <span class='ocrx_word' id='word_1_89' title='bbox 434 1086 480 1155; x_wconf 89' lang='lat' dir='ltr'><strong>Et</strong></span> <span class='ocrx_word' id='word_1_90' title='bbox 494 1109 611 1168; x_wconf 91' lang='lat' dir='ltr'><strong>causa,</strong></span> <span class='ocrx_word' id='word_1_91' title='bbox 626 1108 688 1153; x_wconf 91' lang='lat' dir='ltr'><strong>cur</strong></span> <span class='ocrx_word' id='word_1_92' title='bbox 702 1107 776 1152; x_wconf 95' lang='lat' dir='ltr'><strong>non</strong></span> <span class='ocrx_word' id='word_1_93' title='bbox 792 1084 929 1174; x_wconf 87' lang='lat' dir='ltr'><strong>possint</strong></span> <span class='ocrx_word' id='word_1_94' title='bbox 937 1083 968 1173; x_wconf 86' lang='lat'><strong>⁸)</strong></span> <span class='ocrx_word' id='word_1_95' title='bbox 984 1085 1160 1176; x_wconf 89' lang='lat' dir='ltr'><strong>quaedam</strong></span> <span class='ocrx_word' id='word_1_96' title='bbox 1178 1083 1256 1151; x_wconf 88' lang='lat' dir='ltr'><strong>loca</strong></span> <span class='ocrx_word' id='word_1_97' title='bbox 1308 1078 1488 1174; x_wconf 88' lang='lat' dir='ltr'><strong>principio</strong></span> <span class='ocrx_word' id='word_1_98' title='bbox 1510 1083 1638 1152; x_wconf 82' lang='lat' dir='ltr'><strong>luerat.</strong></span> 
     </span>
     <span class='ocr_line' id='line_1_9' title="bbox 272 1179 2296 1282; baseline 0.001 -22"><span class='ocrx_word' id='word_1_99' title='bbox 272 1188 446 1270; x_wconf 84' lang='lat' dir='ltr'><strong>habitari,</strong></span> <span class='ocrx_word' id='word_1_100' title='bbox 468 1202 588 1257; x_wconf 89' lang='lat' dir='ltr'><strong>tamen</strong></span> <span class='ocrx_word' id='word_1_101' title='bbox 604 1199 689 1255; x_wconf 88' lang='lat' dir='ltr'><strong>esta</strong></span> <span class='ocrx_word' id='word_1_102' title='bbox 709 1186 820 1254; x_wconf 91' lang='lat' dir='ltr'><strong>coelo.</strong></span> <span class='ocrx_word' id='word_1_103' title='bbox 878 1180 969 1282; x_wconf 83' lang='lat' dir='ltr'><strong>Una]</strong></span> <span class='ocrx_word' id='word_1_104' title='bbox 986 1185 1022 1252; x_wconf 86' lang='lat' dir='ltr'><strong>id</strong></span> <span class='ocrx_word' id='word_1_105' title='bbox 1040 1197 1103 1267; x_wconf 87' lang='lat' dir='ltr'><strong>est,</strong></span> <span class='ocrx_word' id='word_1_106' title='bbox 1127 1185 1257 1254; x_wconf 88' lang='lat' dir='ltr'><strong>media.</strong></span> <span class='ocrx_word' id='word_1_107' title='bbox 1409 1179 1472 1251; x_wconf 86' lang='lat' dir='ltr'><strong>Vs.</strong></span> <span class='ocrx_word' id='word_1_108' title='bbox 1488 1183 1576 1257; x_wconf 84' lang='grc'><strong>278.</strong></span> <span class='ocrx_word' id='word_1_109' title='bbox 1603 1180 1821 1281; x_wconf 70' lang='lat' dir='ltr'><strong>Eumenides]</strong></span> <span class='ocrx_word' id='word_1_110' title='bbox 1850 1184 1885 1253; x_wconf 92' lang='lat' dir='ltr'><strong>id</strong></span> <span class='ocrx_word' id='word_1_111' title='bbox 1901 1198 1971 1270; x_wconf 89' lang='lat' dir='ltr'><strong>est,</strong></span> <span class='ocrx_word' id='word_1_112' title='bbox 1997 1189 2125 1260; x_wconf 75' lang='lat' dir='ltr'><strong>bariae.</strong></span> <span class='ocrx_word' id='word_1_113' title='bbox 2188 1196 2296 1263; x_wconf 71' lang='lat' dir='ltr'><strong>stura</strong></span> 
     </span>
    </p>

    <p class='ocr_par' dir='ltr' id='par_1_4' title="bbox 275 1276 2297 1584">
     <span class='ocr_line' id='line_1_10' title="bbox 373 1276 2296 1383; baseline 0.006 -30"><span class='ocrx_word' id='word_1_114' title='bbox 373 1290 433 1360; x_wconf 85' lang='lat' dir='ltr'><strong>Vs.</strong></span> <span class='ocrx_word' id='word_1_115' title='bbox 450 1287 537 1363; x_wconf 87' lang='grc'><strong>285.</strong></span> <span class='ocrx_word' id='word_1_116' title='bbox 559 1282 760 1383; x_wconf 72' lang='lat' dir='ltr'><strong>Extremae]</strong></span> <span class='ocrx_word' id='word_1_117' title='bbox 788 1287 917 1370; x_wconf 88' lang='lat' dir='ltr'><strong>idest,</strong></span> <span class='ocrx_word' id='word_1_118' title='bbox 949 1288 1047 1355; x_wconf 84' lang='lat' dir='ltr'><strong>Zona</strong></span> <span class='ocrx_word' id='word_1_119' title='bbox 1072 1286 1201 1356; x_wconf 89' lang='lat' dir='ltr'><strong>arctica</strong></span> <span class='ocrx_word' id='word_1_120' title='bbox 1223 1298 1259 1354; x_wconf 90' lang='lat' dir='ltr'><strong>et</strong></span> <span class='ocrx_word' id='word_1_121' title='bbox 1309 1276 1470 1379; x_wconf 70' lang='grc' dir='ltr'><strong>εσῙαηάο]</strong></span> <span class='ocrx_word' id='word_1_122' title='bbox 1499 1285 1535 1353; x_wconf 87' lang='lat' dir='ltr'><strong>id</strong></span> <span class='ocrx_word' id='word_1_123' title='bbox 1559 1298 1631 1368; x_wconf 85' lang='lat' dir='ltr'><strong>est,</strong></span> <span class='ocrx_word' id='word_1_124' title='bbox 1658 1286 1852 1356; x_wconf 83' lang='lat' dir='ltr'><strong>monstrosi</strong></span> <span class='ocrx_word' id='word_1_125' title='bbox 1877 1299 2000 1377; x_wconf 92' lang='lat' dir='ltr'><strong>partus</strong></span> <span class='ocrx_word' id='word_1_126' title='bbox 2024 1302 2108 1360; x_wconf 89' lang='lat' dir='ltr'><strong>sunt</strong></span> <span class='ocrx_word' id='word_1_127' title='bbox 2129 1293 2216 1361; x_wconf 89' lang='lat' dir='ltr'><strong>editi</strong></span> <span class='ocrx_word' id='word_1_128' title='bbox 2235 1294 2296 1364; x_wconf 92' lang='lat' dir='ltr'><strong>illo</strong></span> 
     </span>
     <span class='ocr_line' id='line_1_11' title="bbox 275 1387 1484 1478; baseline -0.007 -15"><span class='ocrx_word' id='word_1_129' title='bbox 275 1392 480 1463; x_wconf 81' lang='lat' dir='ltr'><strong>antarctico.</strong></span> <span class='ocrx_word' id='word_1_130' title='bbox 514 1393 612 1460; x_wconf 82' lang='lat' dir='ltr'>Zona</span> <span class='ocrx_word' id='word_1_131' title='bbox 632 1390 762 1458; x_wconf 85' lang='lat' dir='ltr'><strong>arctica</strong></span> <span class='ocrx_word' id='word_1_132' title='bbox 780 1401 832 1458; x_wconf 90' lang='lat' dir='ltr'><strong>est</strong></span> <span class='ocrx_word' id='word_1_133' title='bbox 847 1390 937 1457; x_wconf 86' lang='lat' dir='ltr'><strong>ultra</strong></span> <span class='ocrx_word' id='word_1_134' title='bbox 956 1389 1172 1471; x_wconf 89' lang='lat' dir='ltr'><strong>Norheiam,</strong></span> <span class='ocrx_word' id='word_1_135' title='bbox 1196 1387 1259 1457; x_wconf 89' lang='lat' dir='ltr'><strong>ubi</strong></span> <span class='ocrx_word' id='word_1_136' title='bbox 1310 1402 1484 1478; x_wconf 87' lang='lat' dir='ltr'><strong>tempore.</strong></span> 
     </span>
     <span class='ocr_line' id='line_1_12' title="bbox 275 1482 2297 1584; baseline 0 -17"><span class='ocrx_word' id='word_1_137' title='bbox 275 1493 524 1584; x_wconf 87' lang='lat' dir='ltr'><strong>estPilappia;</strong></span> <span class='ocrx_word' id='word_1_138' title='bbox 551 1494 662 1561; x_wconf 88' lang='lat' dir='ltr'><strong>altera</strong></span> <span class='ocrx_word' id='word_1_139' title='bbox 678 1490 866 1559; x_wconf 87' lang='lat' dir='ltr'><strong>antarctica</strong></span> <span class='ocrx_word' id='word_1_140' title='bbox 883 1492 985 1560; x_wconf 93' lang='lat' dir='ltr'><strong>nobis</strong></span> <span class='ocrx_word' id='word_1_141' title='bbox 1000 1505 1051 1560; x_wconf 90' lang='lat' dir='ltr'><strong>est</strong></span> <span class='ocrx_word' id='word_1_142' title='bbox 1066 1489 1258 1580; x_wconf 87' lang='lat' dir='ltr'><strong>incognita.</strong></span> <span class='ocrx_word' id='word_1_143' title='bbox 1412 1484 1473 1557; x_wconf 88' lang='lat' dir='ltr'><strong>Vs.</strong></span> <span class='ocrx_word' id='word_1_144' title='bbox 1488 1487 1575 1560; x_wconf 95' lang='grc'><strong>279.</strong></span> <span class='ocrx_word' id='word_1_145' title='bbox 1602 1482 1835 1583; x_wconf 66' lang='lat' dir='ltr'><strong>luporumque]</strong></span> <span class='ocrx_word' id='word_1_146' title='bbox 1860 1487 1937 1555; x_wconf 91' lang='lat' dir='ltr'><strong>Hoc</strong></span> <span class='ocrx_word' id='word_1_147' title='bbox 1958 1513 2091 1560; x_wconf 93' lang='lat' dir='ltr'><strong>nomen</strong></span> <span class='ocrx_word' id='word_1_148' title='bbox 2114 1490 2212 1565; x_wconf 88' lang='lat' dir='ltr'><strong>haud</strong></span> <span class='ocrx_word' id='word_1_149' title='bbox 2233 1497 2297 1566; x_wconf 90' lang='lat' dir='ltr'><strong>dn·</strong></span> 
     </span>
    </p>

    <p class='ocr_par' dir='ltr' id='par_1_5' title="bbox 278 1586 2300 1792">
     <span class='ocr_line' id='line_1_13' title="bbox 374 1586 1710 1687; baseline -0.001 -27"><span class='ocrx_word' id='word_1_150' title='bbox 374 1594 435 1664; x_wconf 83' lang='lat' dir='ltr'><strong>Vs.</strong></span> <span class='ocrx_word' id='word_1_151' title='bbox 449 1595 537 1669; x_wconf 86' lang='grc'><strong>287.</strong></span> <span class='ocrx_word' id='word_1_152' title='bbox 562 1586 677 1687; x_wconf 87' lang='lat' dir='ltr'><strong>Duae]</strong></span> <span class='ocrx_word' id='word_1_153' title='bbox 703 1593 739 1661; x_wconf 90' lang='lat' dir='ltr'><strong>id</strong></span> <span class='ocrx_word' id='word_1_154' title='bbox 763 1605 832 1675; x_wconf 90' lang='lat' dir='ltr'><strong>est,</strong></span> <span class='ocrx_word' id='word_1_155' title='bbox 859 1593 1016 1684; x_wconf 89' lang='lat' dir='ltr'><strong>tropicus</strong></span> <span class='ocrx_word' id='word_1_156' title='bbox 1038 1593 1073 1664; x_wconf 70' lang='grc'><strong>0</strong></span> <span class='ocrx_word' id='word_1_157' title='bbox 1096 1605 1131 1661; x_wconf 86' lang='lat' dir='ltr'><strong>et</strong></span> <span class='ocrx_word' id='word_1_158' title='bbox 1149 1592 1260 1684; x_wconf 91' lang='lat' dir='ltr'><strong>tropi·</strong></span> <span class='ocrx_word' id='word_1_159' title='bbox 1311 1591 1367 1661; x_wconf 92' lang='lat' dir='ltr'><strong>bie</strong></span> <span class='ocrx_word' id='word_1_160' title='bbox 1385 1614 1404 1656; x_wconf 89' lang='lat' dir='ltr'><strong>a</strong></span> <span class='ocrx_word' id='word_1_161' title='bbox 1421 1586 1546 1680; x_wconf 88' lang='lat' dir='ltr'><strong>laphet</strong></span> <span class='ocrx_word' id='word_1_162' title='bbox 1567 1587 1710 1659; x_wconf 87' lang='lat' dir='ltr'><strong>habent.</strong></span> 
     </span>
     <span class='ocr_line' id='line_1_14' title="bbox 278 1683 2300 1792; baseline 0.003 -32"><span class='ocrx_word' id='word_1_163' title='bbox 278 1722 339 1769; x_wconf 75' lang='lat' dir='ltr'><strong>eus</strong></span> <span class='ocrx_word' id='word_1_164' title='bbox 361 1720 416 1792; x_wconf 68' lang='lat' dir='ltr'><strong>up.</strong></span> <span class='ocrx_word' id='word_1_165' title='bbox 1414 1691 1475 1760; x_wconf 86' lang='lat' dir='ltr'><strong>Vs.</strong></span> <span class='ocrx_word' id='word_1_166' title='bbox 1500 1693 1587 1766; x_wconf 90' lang='grc'><strong>281.</strong></span> <span class='ocrx_word' id='word_1_167' title='bbox 1622 1692 1717 1761; x_wconf 81' lang='lat' dir='ltr'><strong>Pelio</strong></span> <span class='ocrx_word' id='word_1_168' title='bbox 1734 1683 1870 1785; x_wconf 79' lang='lat' dir='ltr'><strong>Ossam]</strong></span> <span class='ocrx_word' id='word_1_169' title='bbox 1914 1689 1981 1761; x_wconf 90' lang='lat' dir='ltr'><strong>Hic</strong></span> <span class='ocrx_word' id='word_1_170' title='bbox 2004 1697 2144 1768; x_wconf 86' lang='lat' dir='ltr'><strong>vocales</strong></span> <span class='ocrx_word' id='word_1_171' title='bbox 2171 1721 2194 1765; x_wconf 93' lang='lat' dir='ltr'><strong>o</strong></span> <span class='ocrx_word' id='word_1_172' title='bbox 2218 1710 2255 1767; x_wconf 88' lang='lat' dir='ltr'><strong>et</strong></span> <span class='ocrx_word' id='word_1_173' title='bbox 2278 1723 2300 1766; x_wconf 94' lang='lat' dir='ltr'><strong>o</strong></span> 
     </span>
    </p>

    <p class='ocr_par' dir='ltr' id='par_1_6' title="bbox 276 1791 2300 2402">
     <span class='ocr_line' id='line_1_15' title="bbox 378 1791 1670 1892; baseline -0.002 -29"><span class='ocrx_word' id='word_1_174' title='bbox 378 1797 439 1868; x_wconf 87' lang='lat' dir='ltr'><strong>Vs.</strong></span> <span class='ocrx_word' id='word_1_175' title='bbox 454 1795 541 1872; x_wconf 88' lang='grc'><strong>240.</strong></span> <span class='ocrx_word' id='word_1_176' title='bbox 567 1800 720 1869; x_wconf 82' lang='lat' dir='ltr'><strong>Mundus</strong></span> <span class='ocrx_word' id='word_1_177' title='bbox 735 1791 788 1892; x_wconf 83' lang='lat' dir='ltr'><strong>ut]</strong></span> <span class='ocrx_word' id='word_1_178' title='bbox 813 1797 848 1865; x_wconf 90' lang='lat' dir='ltr'><strong>id</strong></span> <span class='ocrx_word' id='word_1_179' title='bbox 866 1807 938 1878; x_wconf 84' lang='lat' dir='ltr'><strong>est,</strong></span> <span class='ocrx_word' id='word_1_180' title='bbox 964 1794 1069 1866; x_wconf 90' lang='lat' dir='ltr'><strong>nobis</strong></span> <span class='ocrx_word' id='word_1_181' title='bbox 1094 1793 1154 1863; x_wconf 90' lang='lat' dir='ltr'><strong>illa</strong></span> <span class='ocrx_word' id='word_1_182' title='bbox 1177 1819 1261 1886; x_wconf 91' lang='lat' dir='ltr'><strong>pars</strong></span> <span class='ocrx_word' id='word_1_183' title='bbox 1312 1818 1387 1864; x_wconf 90' lang='lat' dir='ltr'><strong>non</strong></span> <span class='ocrx_word' id='word_1_184' title='bbox 1405 1807 1489 1864; x_wconf 87' lang='lat' dir='ltr'><strong>sunt</strong></span> <span class='ocrx_word' id='word_1_185' title='bbox 1504 1793 1670 1862; x_wconf 86' lang='lat' dir='ltr'><strong>elidendi.</strong></span> 
     </span>
     <span class='ocr_line' id='line_1_16' title="bbox 276 1889 2297 1992; baseline 0.001 -22"><span class='ocrx_word' id='word_1_186' title='bbox 276 1899 406 1975; x_wconf 86' lang='lat' dir='ltr'><strong>dicitur</strong></span> <span class='ocrx_word' id='word_1_187' title='bbox 421 1901 584 1992; x_wconf 82' lang='lat' dir='ltr'><strong>superior</strong></span> <span class='ocrx_word' id='word_1_188' title='bbox 600 1925 721 1971; x_wconf 91' lang='lat' dir='ltr'><strong>versus</strong></span> <span class='ocrx_word' id='word_1_189' title='bbox 737 1900 858 1990; x_wconf 91' lang='lat' dir='ltr'><strong>polum</strong></span> <span class='ocrx_word' id='word_1_190' title='bbox 880 1896 1062 1968; x_wconf 88' lang='lat' dir='ltr'><strong>arcticum.</strong></span> <span class='ocrx_word' id='word_1_191' title='bbox 1155 1902 1262 1970; x_wconf 81' lang='lat' dir='ltr'><strong>Aroes</strong></span> <span class='ocrx_word' id='word_1_192' title='bbox 1416 1894 1476 1965; x_wconf 85' lang='lat' dir='ltr'><strong>Vs.</strong></span> <span class='ocrx_word' id='word_1_193' title='bbox 1492 1894 1579 1970; x_wconf 88' lang='grc'><strong>284.</strong></span> <span class='ocrx_word' id='word_1_194' title='bbox 1605 1897 1760 1984; x_wconf 84' lang='lat' dir='ltr'><strong>Septima</strong></span> <span class='ocrx_word' id='word_1_195' title='bbox 1770 1903 1847 1981; x_wconf 79' lang='lat' dir='ltr'><strong>post</strong></span> <span class='ocrx_word' id='word_1_196' title='bbox 1859 1889 2036 1991; x_wconf 76' lang='lat' dir='ltr'><strong>decimans]</strong></span> <span class='ocrx_word' id='word_1_197' title='bbox 2054 1895 2147 1967; x_wconf 85' lang='lat' dir='ltr'><strong>llaec</strong></span> <span class='ocrx_word' id='word_1_198' title='bbox 2162 1900 2297 1977; x_wconf 85' lang='lat' dir='ltr'><strong>iterum</strong></span> 
     </span>
     <span class='ocr_line' id='line_1_17' title="bbox 277 1993 2300 2098; baseline -0 -26"><span class='ocrx_word' id='word_1_199' title='bbox 277 2002 533 2098; x_wconf 75' lang='lat' dir='ltr'><strong>Rbiplaeas⁰)]</strong></span> <span class='ocrx_word' id='word_1_200' title='bbox 561 2002 679 2085; x_wconf 85' lang='lat' dir='ltr'><strong>idest,</strong></span> <span class='ocrx_word' id='word_1_201' title='bbox 705 2014 855 2070; x_wconf 89' lang='lat' dir='ltr'><strong>montes.</strong></span> <span class='ocrx_word' id='word_1_202' title='bbox 907 1996 1053 2068; x_wconf 86' lang='lat' dir='ltr'><strong>Veteres</strong></span> <span class='ocrx_word' id='word_1_203' title='bbox 1069 2022 1144 2067; x_wconf 92' lang='lat' dir='ltr'><strong>non</strong></span> <span class='ocrx_word' id='word_1_204' title='bbox 1158 2000 1261 2069; x_wconf 90' lang='lat' dir='ltr'><strong>intel·</strong></span> <span class='ocrx_word' id='word_1_205' title='bbox 1313 1995 1448 2068; x_wconf 89' lang='lat' dir='ltr'><strong>habent</strong></span> <span class='ocrx_word' id='word_1_206' title='bbox 1464 1999 1640 2067; x_wconf 86' lang='lat' dir='ltr'><strong>rationem</strong></span> <span class='ocrx_word' id='word_1_207' title='bbox 1658 1993 1853 2088; x_wconf 81' lang='lat' dir='ltr'><strong>physicam.</strong></span> <span class='ocrx_word' id='word_1_208' title='bbox 1896 1998 2017 2068; x_wconf 86' lang='lat' dir='ltr'><strong>Sectae</strong></span> <span class='ocrx_word' id='word_1_209' title='bbox 2031 2001 2196 2077; x_wconf 87' lang='lat' dir='ltr'><strong>materies</strong></span> <span class='ocrx_word' id='word_1_210' title='bbox 2213 2023 2300 2080; x_wconf 73' lang='lat' dir='ltr'><strong>anre</strong></span> 
     </span>
     <span class='ocr_line' id='line_1_18' title="bbox 276 2099 2300 2196; baseline 0.003 -21"><span class='ocrx_word' id='word_1_211' title='bbox 276 2107 440 2176; x_wconf 79' lang='lat' dir='ltr'><strong>lexerunt</strong></span> <span class='ocrx_word' id='word_1_212' title='bbox 471 2128 535 2195; x_wconf 89' lang='lat' dir='ltr'><strong>per</strong></span> <span class='ocrx_word' id='word_1_213' title='bbox 561 2101 767 2196; x_wconf 82' lang='lat' dir='ltr'><strong>Rhiphaeos</strong></span> <span class='ocrx_word' id='word_1_214' title='bbox 801 2112 941 2171; x_wconf 89' lang='lat' dir='ltr'><strong>montes</strong></span> <span class='ocrx_word' id='word_1_215' title='bbox 968 2124 1080 2169; x_wconf 89' lang='lat' dir='ltr'><strong>unum</strong></span> <span class='ocrx_word' id='word_1_216' title='bbox 1106 2101 1260 2196; x_wconf 82' lang='lat' dir='ltr'><strong>aliquem</strong></span> <span class='ocrx_word' id='word_1_217' title='bbox 1314 2099 1549 2191; x_wconf 84' lang='lat' dir='ltr'><strong>plenilunium</strong></span> <span class='ocrx_word' id='word_1_218' title='bbox 1575 2100 1675 2168; x_wconf 79' lang='lat' dir='ltr'><strong>facile</strong></span> <span class='ocrx_word' id='word_1_219' title='bbox 1699 2110 1924 2189; x_wconf 88' lang='lat' dir='ltr'><strong>putrescunt,</strong></span> <span class='ocrx_word' id='word_1_220' title='bbox 1950 2100 2033 2193; x_wconf 87' lang='lat' dir='ltr'><strong>quia</strong></span> <span class='ocrx_word' id='word_1_221' title='bbox 2059 2106 2211 2177; x_wconf 91' lang='lat' dir='ltr'><strong>multum</strong></span> <span class='ocrx_word' id='word_1_222' title='bbox 2233 2106 2300 2181; x_wconf 91' lang='lat' dir='ltr'><strong>ha·</strong></span> 
     </span>
     <span class='ocr_line' id='line_1_19' title="bbox 278 2196 2299 2304; baseline 0.003 -28"><span class='ocrx_word' id='word_1_223' title='bbox 278 2220 459 2288; x_wconf 88' lang='lat' dir='ltr'><strong>montem,</strong></span> <span class='ocrx_word' id='word_1_224' title='bbox 485 2207 545 2275; x_wconf 84' lang='lat' dir='ltr'><strong>sed</strong></span> <span class='ocrx_word' id='word_1_225' title='bbox 561 2207 621 2274; x_wconf 89' lang='lat' dir='ltr'><strong>illa</strong></span> <span class='ocrx_word' id='word_1_226' title='bbox 638 2208 714 2274; x_wconf 88' lang='lat' dir='ltr'><strong>loca</strong></span> <span class='ocrx_word' id='word_1_227' title='bbox 731 2202 930 2293; x_wconf 88' lang='lat' dir='ltr'><strong>surgentia,</strong></span> <span class='ocrx_word' id='word_1_228' title='bbox 956 2225 1048 2295; x_wconf 89' lang='lat' dir='ltr'><strong>quae</strong></span> <span class='ocrx_word' id='word_1_229' title='bbox 1064 2217 1166 2272; x_wconf 90' lang='lat' dir='ltr'><strong>erant</strong></span> <span class='ocrx_word' id='word_1_230' title='bbox 1181 2205 1262 2275; x_wconf 90' lang='lat' dir='ltr'><strong>sub·</strong></span> <span class='ocrx_word' id='word_1_231' title='bbox 1315 2204 1400 2271; x_wconf 90' lang='lat' dir='ltr'><strong>bent</strong></span> <span class='ocrx_word' id='word_1_232' title='bbox 1423 2196 1633 2281; x_wconf 87' lang='lat' dir='ltr'><strong>humorem;</strong></span> <span class='ocrx_word' id='word_1_233' title='bbox 1670 2205 1731 2273; x_wconf 87' lang='lat' dir='ltr'><strong>sed</strong></span> <span class='ocrx_word' id='word_1_234' title='bbox 1756 2215 1840 2293; x_wconf 87' lang='lat' dir='ltr'><strong>post</strong></span> <span class='ocrx_word' id='word_1_235' title='bbox 1866 2198 2102 2294; x_wconf 86' lang='lat' dir='ltr'><strong>plenilunium</strong></span> <span class='ocrx_word' id='word_1_236' title='bbox 2130 2233 2203 2279; x_wconf 90' lang='lat' dir='ltr'><strong>non</strong></span> <span class='ocrx_word' id='word_1_237' title='bbox 2232 2238 2299 2304; x_wconf 92' lang='lat' dir='ltr'><strong>pu-</strong></span> 
     </span>
     <span class='ocr_line' id='line_1_20' title="bbox 277 2299 2069 2402; baseline 0.001 -24"><span class='ocrx_word' id='word_1_238' title='bbox 277 2309 421 2378; x_wconf 92' lang='lat' dir='ltr'><strong>limiora</strong></span> <span class='ocrx_word' id='word_1_239' title='bbox 447 2332 554 2400; x_wconf 89' lang='lat' dir='ltr'><strong>quam</strong></span> <span class='ocrx_word' id='word_1_240' title='bbox 574 2308 724 2400; x_wconf 90' lang='lat' dir='ltr'><strong>reliqua.</strong></span> <span class='ocrx_word' id='word_1_241' title='bbox 790 2304 839 2375; x_wconf 85' lang='lat' dir='ltr'><strong>Et</strong></span> <span class='ocrx_word' id='word_1_242' title='bbox 859 2304 908 2376; x_wconf 90' lang='lat' dir='ltr'><strong>sic</strong></span> <span class='ocrx_word' id='word_1_243' title='bbox 932 2304 1099 2374; x_wconf 87' lang='lat' dir='ltr'><strong>dicuntur</strong></span> <span class='ocrx_word' id='word_1_244' title='bbox 1124 2329 1142 2372; x_wconf 91' lang='lat' dir='ltr'><strong>a</strong></span> <span class='ocrx_word' id='word_1_245' title='bbox 1161 2300 1262 2402; x_wconf 78' lang='grc' dir='ltr'><strong><em>ῥιφή,</em></strong></span> <span class='ocrx_word' id='word_1_246' title='bbox 1315 2314 1491 2386; x_wconf 86' lang='lat' dir='ltr'><strong>trescnnt‚</strong></span> <span class='ocrx_word' id='word_1_247' title='bbox 1517 2305 1601 2397; x_wconf 83' lang='lat' dir='ltr'><strong>quia</strong></span> <span class='ocrx_word' id='word_1_248' title='bbox 1616 2306 1733 2373; x_wconf 91' lang='lat' dir='ltr'><strong>minus</strong></span> <span class='ocrx_word' id='word_1_249' title='bbox 1749 2299 1881 2374; x_wconf 89' lang='lat' dir='ltr'><strong>habent</strong></span> <span class='ocrx_word' id='word_1_250' title='bbox 1897 2304 2069 2380; x_wconf 90' lang='lat' dir='ltr'><strong>humoris.</strong></span> 
     </span>
    </p>

    <p class='ocr_par' dir='ltr' id='par_1_7' title="bbox 279 2403 2299 2605">
     <span class='ocr_line' id='line_1_21' title="bbox 279 2403 2237 2505; baseline 0.003 -27"><span class='ocrx_word' id='word_1_251' title='bbox 279 2412 318 2480; x_wconf 92' lang='lat' dir='ltr'><strong>id</strong></span> <span class='ocrx_word' id='word_1_252' title='bbox 332 2421 400 2491; x_wconf 85' lang='lat' dir='ltr'><strong>est,</strong></span> <span class='ocrx_word' id='word_1_253' title='bbox 422 2409 578 2499; x_wconf 91' lang='lat' dir='ltr'><strong>impetu,</strong></span> <span class='ocrx_word' id='word_1_254' title='bbox 604 2411 688 2502; x_wconf 90' lang='lat' dir='ltr'><strong>quia</strong></span> <span class='ocrx_word' id='word_1_255' title='bbox 711 2407 763 2474; x_wconf 92' lang='lat' dir='ltr'><strong>illi</strong></span> <span class='ocrx_word' id='word_1_256' title='bbox 787 2407 891 2477; x_wconf 90' lang='lat' dir='ltr'><strong>flatus</strong></span> <span class='ocrx_word' id='word_1_257' title='bbox 911 2407 1072 2476; x_wconf 85' lang='lat' dir='ltr'><strong>boreales</strong></span> <span class='ocrx_word' id='word_1_258' title='bbox 1093 2421 1175 2477; x_wconf 88' lang='lat' dir='ltr'><strong>sunt</strong></span> <span class='ocrx_word' id='word_1_259' title='bbox 1205 2431 1262 2476; x_wconf 84' lang='lat' dir='ltr'><strong>ve·</strong></span> <span class='ocrx_word' id='word_1_260' title='bbox 1415 2403 1476 2475; x_wconf 86' lang='lat' dir='ltr'><strong>Vs.</strong></span> <span class='ocrx_word' id='word_1_261' title='bbox 1491 2407 1577 2478; x_wconf 91' lang='grc'><strong>287.</strong></span> <span class='ocrx_word' id='word_1_262' title='bbox 1604 2409 1721 2477; x_wconf 83' lang='lat' dir='ltr'><strong>Multa</strong></span> <span class='ocrx_word' id='word_1_263' title='bbox 1736 2404 1834 2505; x_wconf 81' lang='lat' dir='ltr'><strong>adeo]</strong></span> <span class='ocrx_word' id='word_1_264' title='bbox 1860 2408 1969 2480; x_wconf 81' lang='lat' dir='ltr'><strong>XVll.</strong></span> <span class='ocrx_word' id='word_1_265' title='bbox 1996 2425 2237 2503; x_wconf 89' lang='lat' dir='ltr'><strong>praeceptum.</strong></span> 
     </span>
     <span class='ocr_line' id='line_1_22' title="bbox 280 2504 2299 2605; baseline 0 -22"><span class='ocrx_word' id='word_1_266' title='bbox 280 2509 550 2584; x_wconf 81' lang='lat' dir='ltr'><strong>hamentissimi.</strong></span> <span class='ocrx_word' id='word_1_267' title='bbox 1415 2504 1477 2579; x_wconf 87' lang='lat' dir='ltr'><strong>Vs.</strong></span> <span class='ocrx_word' id='word_1_268' title='bbox 1492 2508 1579 2582; x_wconf 87' lang='grc'><strong>288.</strong></span> <span class='ocrx_word' id='word_1_269' title='bbox 1604 2511 1683 2580; x_wconf 82' lang='lat' dir='ltr'><strong>Sole</strong></span> <span class='ocrx_word' id='word_1_270' title='bbox 1698 2504 1795 2605; x_wconf 89' lang='lat' dir='ltr'><strong>uauo]</strong></span> <span class='ocrx_word' id='word_1_271' title='bbox 1815 2514 1938 2594; x_wconf 82' lang='lat' dir='ltr'><strong>idest,</strong></span> <span class='ocrx_word' id='word_1_272' title='bbox 1966 2526 2048 2583; x_wconf 84' lang='lat' dir='ltr'><strong>ante</strong></span> <span class='ocrx_word' id='word_1_273' title='bbox 2064 2515 2148 2584; x_wconf 87' lang='lat' dir='ltr'><strong>solis</strong></span> <span class='ocrx_word' id='word_1_274' title='bbox 2166 2528 2299 2599; x_wconf 88' lang='lat' dir='ltr'><strong>ortum,</strong></span> 
     </span>
    </p>

    <p class='ocr_par' dir='ltr' id='par_1_8' title="bbox 281 2606 2171 2811">
     <span class='ocr_line' id='line_1_23' title="bbox 380 2606 1688 2706; baseline 0.005 -29"><span class='ocrx_word' id='word_1_275' title='bbox 380 2612 441 2683; x_wconf 88' lang='lat' dir='ltr'><strong>Vs.</strong></span> <span class='ocrx_word' id='word_1_276' title='bbox 456 2611 541 2686; x_wconf 91' lang='grc'><strong>241.</strong></span> <span class='ocrx_word' id='word_1_277' title='bbox 566 2606 742 2706; x_wconf 84' lang='lat' dir='ltr'><strong>Deueaus]</strong></span> <span class='ocrx_word' id='word_1_278' title='bbox 770 2611 890 2679; x_wconf 78' lang='lat' dir='ltr'><strong>Altera</strong></span> <span class='ocrx_word' id='word_1_279' title='bbox 913 2634 997 2700; x_wconf 89' lang='lat' dir='ltr'><strong>pars</strong></span> <span class='ocrx_word' id='word_1_280' title='bbox 1019 2608 1150 2679; x_wconf 90' lang='lat' dir='ltr'><strong>dicitur</strong></span> <span class='ocrx_word' id='word_1_281' title='bbox 1174 2608 1261 2679; x_wconf 84' lang='lat' dir='ltr'><strong>infe-</strong></span> <span class='ocrx_word' id='word_1_282' title='bbox 1315 2635 1428 2703; x_wconf 89' lang='lat' dir='ltr'><strong>gegen</strong></span> <span class='ocrx_word' id='word_1_283' title='bbox 1444 2613 1514 2682; x_wconf 84' lang='lat' dir='ltr'><strong>den</strong></span> <span class='ocrx_word' id='word_1_284' title='bbox 1528 2637 1688 2702; x_wconf 81' lang='lat' dir='ltr'><strong>morgen.</strong></span> 
     </span>
     <span class='ocr_line' id='line_1_24' title="bbox 281 2711 2171 2811; baseline -0.003 -25"><span class='ocrx_word' id='word_1_285' title='bbox 281 2716 358 2786; x_wconf 88' lang='lat' dir='ltr'><strong>rior</strong></span> <span class='ocrx_word' id='word_1_286' title='bbox 372 2737 494 2784; x_wconf 81' lang='lat' dir='ltr'><strong>versus</strong></span> <span class='ocrx_word' id='word_1_287' title='bbox 509 2717 630 2806; x_wconf 93' lang='lat' dir='ltr'><strong>polum</strong></span> <span class='ocrx_word' id='word_1_288' title='bbox 651 2712 897 2783; x_wconf 85' lang='lat' dir='ltr'><strong>antarcticum.</strong></span> <span class='ocrx_word' id='word_1_289' title='bbox 1415 2711 1476 2784; x_wconf 87' lang='lat' dir='ltr'><strong>Vs.</strong></span> <span class='ocrx_word' id='word_1_290' title='bbox 1493 2715 1581 2788; x_wconf 86' lang='grc'><strong>290.</strong></span> <span class='ocrx_word' id='word_1_291' title='bbox 1611 2711 1821 2811; x_wconf 73' lang='lat' dir='ltr'><strong>ronanus]</strong></span> <span class='ocrx_word' id='word_1_292' title='bbox 1846 2714 1970 2797; x_wconf 86' lang='lat' dir='ltr'><strong>idest,</strong></span> <span class='ocrx_word' id='word_1_293' title='bbox 1996 2731 2171 2788; x_wconf 79' lang='lat' dir='ltr'><strong>secantur.</strong></span> 
     </span>
    </p>

    <p class='ocr_par' dir='ltr' id='par_1_9' title="bbox 381 2812 2235 2916">
     <span class='ocr_line' id='line_1_25' title="bbox 381 2812 2235 2916; baseline 0.005 -35"><span class='ocrx_word' id='word_1_294' title='bbox 381 2814 442 2887; x_wconf 82' lang='lat' dir='ltr'><strong>Vs.</strong></span> <span class='ocrx_word' id='word_1_295' title='bbox 457 2815 544 2891; x_wconf 78' lang='lat'><strong>242.</strong></span> <span class='ocrx_word' id='word_1_296' title='bbox 570 2812 653 2912; x_wconf 73' lang='lat' dir='ltr'><strong>Hic]</strong></span> <span class='ocrx_word' id='word_1_297' title='bbox 679 2815 804 2898; x_wconf 88' lang='lat' dir='ltr'><strong>idest,</strong></span> <span class='ocrx_word' id='word_1_298' title='bbox 830 2815 917 2884; x_wconf 86' lang='lat' dir='ltr'><strong>citra</strong></span> <span class='ocrx_word' id='word_1_299' title='bbox 936 2838 1049 2885; x_wconf 91' lang='lat' dir='ltr'><strong>ursos.</strong></span> <span class='ocrx_word' id='word_1_300' title='bbox 1073 2906 1075 2911; x_wconf 23' lang='grc' dir='ltr'>Ι</span> <span class='ocrx_word' id='word_1_301' title='bbox 1315 2816 1440 2902; x_wconf 72' lang='lat' dir='ltr'><strong>Deficit</strong></span> <span class='ocrx_word' id='word_1_302' title='bbox 1454 2814 1590 2916; x_wconf 69' lang='lat' dir='ltr'><strong>humor]</strong></span> <span class='ocrx_word' id='word_1_303' title='bbox 1617 2818 1653 2886; x_wconf 90' lang='lat' dir='ltr'><strong>id</strong></span> <span class='ocrx_word' id='word_1_304' title='bbox 1672 2833 1742 2900; x_wconf 90' lang='lat' dir='ltr'><strong>est,</strong></span> <span class='ocrx_word' id='word_1_305' title='bbox 1767 2839 1839 2884; x_wconf 85' lang='lat' dir='ltr'><strong>nox</strong></span> <span class='ocrx_word' id='word_1_306' title='bbox 1853 2839 1993 2907; x_wconf 85' lang='lat' dir='ltr'><strong>semper</strong></span> <span class='ocrx_word' id='word_1_307' title='bbox 2009 2830 2060 2887; x_wconf 87' lang='lat' dir='ltr'><strong>est</strong></span> <span class='ocrx_word' id='word_1_308' title='bbox 2075 2814 2235 2890; x_wconf 91' lang='lat' dir='ltr'><strong>humida.</strong></span> 
     </span>
    </p>

    <p class='ocr_par' dir='ltr' id='par_1_10' title="bbox 282 2911 2233 3118">
     <span class='ocr_line' id='line_1_26' title="bbox 382 2911 2233 3015; baseline 0.001 -30"><span class='ocrx_word' id='word_1_309' title='bbox 382 2916 441 2991; x_wconf 89' lang='lat' dir='ltr'><strong>Vs.</strong></span> <span class='ocrx_word' id='word_1_310' title='bbox 465 2919 553 2995; x_wconf 85' lang='grc'><strong>246.</strong></span> <span class='ocrx_word' id='word_1_311' title='bbox 585 2924 737 3012; x_wconf 80' lang='lat' dir='ltr'><strong>Aequore</strong></span> <span class='ocrx_word' id='word_1_312' title='bbox 759 2911 886 3012; x_wconf 74' lang='lat' dir='ltr'><strong>tingui]</strong></span> <span class='ocrx_word' id='word_1_313' title='bbox 917 2917 1046 2997; x_wconf 89' lang='lat' dir='ltr'><strong>idest,</strong></span> <span class='ocrx_word' id='word_1_314' title='bbox 1076 2933 1262 3005; x_wconf 87' lang='lat' dir='ltr'><strong>nunquam</strong></span> <span class='ocrx_word' id='word_1_315' title='bbox 1417 2916 1478 2989; x_wconf 85' lang='lat' dir='ltr'><strong>Vs.</strong></span> <span class='ocrx_word' id='word_1_316' title='bbox 1493 2919 1580 2992; x_wconf 75' lang='lat'><strong>292.</strong></span> <span class='ocrx_word' id='word_1_317' title='bbox 1606 2912 1774 3015; x_wconf 70' lang='lat' dir='ltr'><strong>inspicat]</strong></span> <span class='ocrx_word' id='word_1_318' title='bbox 1802 2918 1838 2987; x_wconf 90' lang='lat' dir='ltr'><strong>id</strong></span> <span class='ocrx_word' id='word_1_319' title='bbox 1852 2930 1924 3001; x_wconf 88' lang='lat' dir='ltr'><strong>est,</strong></span> <span class='ocrx_word' id='word_1_320' title='bbox 1948 2917 2084 2989; x_wconf 88' lang='lat' dir='ltr'><strong>incidit.</strong></span> <span class='ocrx_word' id='word_1_321' title='bbox 2226 2926 2233 2935; x_wconf 81' lang='grc'><em>”</em></span> 
     </span>
     <span class='ocr_line' id='line_1_27' title="bbox 282 3017 2123 3118; baseline -0.001 -25"><span class='ocrx_word' id='word_1_322' title='bbox 282 3024 493 3095; x_wconf 84' lang='lat' dir='ltr'><strong>occidentes.</strong></span> <span class='ocrx_word' id='word_1_323' title='bbox 1417 3018 1478 3091; x_wconf 84' lang='lat' dir='ltr'><strong>Vs.</strong></span> <span class='ocrx_word' id='word_1_324' title='bbox 1494 3022 1582 3095; x_wconf 89' lang='grc'><strong>298.</strong></span> <span class='ocrx_word' id='word_1_325' title='bbox 1612 3017 1747 3118; x_wconf 74' lang='lat' dir='ltr'><strong>Testae]</strong></span> <span class='ocrx_word' id='word_1_326' title='bbox 1773 3021 1810 3088; x_wconf 89' lang='lat' dir='ltr'><strong>id</strong></span> <span class='ocrx_word' id='word_1_327' title='bbox 1826 3033 1897 3101; x_wconf 88' lang='lat' dir='ltr'><strong>est,</strong></span> <span class='ocrx_word' id='word_1_328' title='bbox 1922 3020 2123 3091; x_wconf 73' lang='lat' dir='ltr'><strong>desiccatae.</strong></span> 
     </span>
    </p>

    <p class='ocr_par' dir='ltr' id='par_1_11' title="bbox 281 3116 2302 3320">
     <span class='ocr_line' id='line_1_28' title="bbox 382 3116 2301 3218; baseline 0.003 -30"><span class='ocrx_word' id='word_1_329' title='bbox 382 3122 443 3194; x_wconf 81' lang='lat' dir='ltr'><strong>Vs.</strong></span> <span class='ocrx_word' id='word_1_330' title='bbox 468 3118 555 3197; x_wconf 91' lang='grc'><strong>252.</strong></span> <span class='ocrx_word' id='word_1_331' title='bbox 587 3116 694 3217; x_wconf 77' lang='lat' dir='ltr'><strong>Hine]</strong></span> <span class='ocrx_word' id='word_1_332' title='bbox 725 3122 763 3191; x_wconf 93' lang='lat' dir='ltr'><strong>id</strong></span> <span class='ocrx_word' id='word_1_333' title='bbox 795 3132 867 3204; x_wconf 87' lang='lat' dir='ltr'><strong>est,</strong></span> <span class='ocrx_word' id='word_1_334' title='bbox 899 3141 942 3186; x_wconf 84' lang='lat' dir='ltr'><strong>ex</strong></span> <span class='ocrx_word' id='word_1_335' title='bbox 968 3116 1169 3207; x_wconf 83' lang='lat' dir='ltr'><strong>cognitione</strong></span> <span class='ocrx_word' id='word_1_336' title='bbox 1194 3117 1264 3186; x_wconf 88' lang='lat' dir='ltr'><strong>zo·</strong></span> <span class='ocrx_word' id='word_1_337' title='bbox 1418 3120 1478 3193; x_wconf 81' lang='lat' dir='ltr'><strong>Vs.</strong></span> <span class='ocrx_word' id='word_1_338' title='bbox 1493 3124 1580 3197; x_wconf 74' lang='lat'><strong>299,</strong></span> <span class='ocrx_word' id='word_1_339' title='bbox 1607 3129 1729 3196; x_wconf 62' lang='lat' dir='ltr'><strong>Nudas</strong></span> <span class='ocrx_word' id='word_1_340' title='bbox 1741 3116 1822 3218; x_wconf 76' lang='lat' dir='ltr'><strong>ara]</strong></span> <span class='ocrx_word' id='word_1_341' title='bbox 1854 3119 1977 3193; x_wconf 86' lang='lat' dir='ltr'><strong>XVlll.</strong></span> <span class='ocrx_word' id='word_1_342' title='bbox 2002 3127 2301 3215; x_wconf 84' lang='lat' dir='ltr'><strong>praeceptumde</strong></span> 
     </span>
     <span class='ocr_line' id='line_1_29' title="bbox 281 3223 2302 3320; baseline 0 -23"><span class='ocrx_word' id='word_1_343' title='bbox 281 3227 373 3298; x_wconf 86' lang='lat' dir='ltr'><strong>diaci</strong></span> <span class='ocrx_word' id='word_1_344' title='bbox 389 3237 425 3293; x_wconf 91' lang='lat' dir='ltr'><strong>et</strong></span> <span class='ocrx_word' id='word_1_345' title='bbox 439 3225 589 3294; x_wconf 88' lang='lat' dir='ltr'><strong>aliarum</strong></span> <span class='ocrx_word' id='word_1_346' title='bbox 606 3223 787 3291; x_wconf 87' lang='lat' dir='ltr'><strong>stellarum</strong></span> <span class='ocrx_word' id='word_1_347' title='bbox 805 3235 887 3291; x_wconf 88' lang='lat' dir='ltr'><strong>ortu</strong></span> <span class='ocrx_word' id='word_1_348' title='bbox 900 3232 934 3288; x_wconf 90' lang='lat' dir='ltr'><strong>et</strong></span> <span class='ocrx_word' id='word_1_349' title='bbox 948 3243 1086 3290; x_wconf 89' lang='lat' dir='ltr'><strong>occasu.</strong></span> <span class='ocrx_word' id='word_1_350' title='bbox 1317 3226 1537 3314; x_wconf 89' lang='lat' dir='ltr'><strong>temporibus</strong></span> <span class='ocrx_word' id='word_1_351' title='bbox 1573 3227 1763 3308; x_wconf 87' lang='lat' dir='ltr'><strong>arationis,</strong></span> <span class='ocrx_word' id='word_1_352' title='bbox 1796 3226 1926 3308; x_wconf 87' lang='lat' dir='ltr'><strong>idest,</strong></span> <span class='ocrx_word' id='word_1_353' title='bbox 1958 3226 2169 3320; x_wconf 85' lang='lat' dir='ltr'><strong>priusquam</strong></span> <span class='ocrx_word' id='word_1_354' title='bbox 2203 3227 2302 3297; x_wconf 87' lang='lat' dir='ltr'><strong>venit</strong></span> 
     </span>
    </p>

    <p class='ocr_par' dir='ltr' id='par_1_12' title="bbox 382 3319 2061 3420">
     <span class='ocr_line' id='line_1_30' title="bbox 382 3319 2061 3420; baseline 0.005 -29"><span class='ocrx_word' id='word_1_355' title='bbox 382 3325 442 3395; x_wconf 83' lang='lat' dir='ltr'><strong>Vs.</strong></span> <span class='ocrx_word' id='word_1_356' title='bbox 456 3321 544 3398; x_wconf 89' lang='grc'><strong>254.</strong></span> <span class='ocrx_word' id='word_1_357' title='bbox 570 3319 745 3420; x_wconf 86' lang='lat' dir='ltr'><strong>Marmor]</strong></span> <span class='ocrx_word' id='word_1_358' title='bbox 773 3325 811 3392; x_wconf 93' lang='lat' dir='ltr'><strong>id</strong></span> <span class='ocrx_word' id='word_1_359' title='bbox 836 3335 906 3404; x_wconf 90' lang='lat' dir='ltr'><strong>est,</strong></span> <span class='ocrx_word' id='word_1_360' title='bbox 931 3345 1029 3391; x_wconf 92' lang='lat' dir='ltr'><strong>mare</strong></span> <span class='ocrx_word' id='word_1_361' title='bbox 1051 3321 1101 3391; x_wconf 89' lang='lat' dir='ltr'><strong>sic</strong></span> <span class='ocrx_word' id='word_1_362' title='bbox 1130 3323 1262 3393; x_wconf 88' lang='lat' dir='ltr'><strong>dictum</strong></span> <span class='ocrx_word' id='word_1_363' title='bbox 1315 3320 1499 3395; x_wconf 89' lang='lat' dir='ltr'><strong>horridior</strong></span> <span class='ocrx_word' id='word_1_364' title='bbox 1514 3323 1657 3418; x_wconf 87' lang='lat' dir='ltr'><strong>hyems,</strong></span> <span class='ocrx_word' id='word_1_365' title='bbox 1682 3352 1766 3410; x_wconf 88' lang='lat' dir='ltr'><strong>ara,</strong></span> <span class='ocrx_word' id='word_1_366' title='bbox 1791 3327 1952 3396; x_wconf 82' lang='lat' dir='ltr'><strong>velante</strong></span> <span class='ocrx_word' id='word_1_367' title='bbox 1969 3329 2061 3419; x_wconf 86' lang='lat' dir='ltr'><strong>gelu.</strong></span> 
     </span>
    </p>
   </div>
   <div class='ocr_carea' id='block_1_3' title="bbox 142 3424 2303 3525">
    <p class='ocr_par' dir='ltr' id='par_1_13' title="bbox 142 3424 2303 3525">
     <span class='ocr_line' id='line_1_31' title="bbox 142 3424 2303 3525; baseline 0.005 -32"><span class='ocrx_word' id='word_1_368' title='bbox 142 3486 145 3493; x_wconf 88' lang='lat'><strong>.</strong></span> <span class='ocrx_word' id='word_1_369' title='bbox 283 3452 303 3498; x_wconf 90' lang='lat' dir='ltr'><strong>a</strong></span> <span class='ocrx_word' id='word_1_370' title='bbox 328 3428 496 3498; x_wconf 87' lang='lat' dir='ltr'><strong>candore.</strong></span> <span class='ocrx_word' id='word_1_371' title='bbox 1417 3424 1478 3498; x_wconf 87' lang='lat' dir='ltr'><strong>Vs.</strong></span> <span class='ocrx_word' id='word_1_372' title='bbox 1492 3429 1577 3498; x_wconf 85' lang='grc'><strong>800.</strong></span> <span class='ocrx_word' id='word_1_373' title='bbox 1605 3424 1728 3525; x_wconf 83' lang='lat' dir='ltr'><strong>Porto]</strong></span> <span class='ocrx_word' id='word_1_374' title='bbox 1754 3426 1797 3497; x_wconf 92' lang='lat' dir='ltr'><strong>ln</strong></span> <span class='ocrx_word' id='word_1_375' title='bbox 1811 3425 1938 3522; x_wconf 86' lang='lat' dir='ltr'><strong>hyeme</strong></span> <span class='ocrx_word' id='word_1_376' title='bbox 1953 3430 2123 3500; x_wconf 81' lang='lat' dir='ltr'><strong>fruuntur</strong></span> <span class='ocrx_word' id='word_1_377' title='bbox 2133 3429 2208 3502; x_wconf 82' lang='lat' dir='ltr'><strong>istis</strong></span> <span class='ocrx_word' id='word_1_378' title='bbox 2227 3431 2303 3517; x_wconf 77' lang='lat' dir='ltr'><strong>suis</strong></span> 
     </span>
    </p>
   </div>
   <div class='ocr_carea' id='block_1_4' title="bbox 280 3523 2305 5158">
    <p class='ocr_par' dir='ltr' id='par_1_14' title="bbox 382 3523 2185 3625">
     <span class='ocr_line' id='line_1_32' title="bbox 382 3523 2185 3625; baseline 0 -31"><span class='ocrx_word' id='word_1_379' title='bbox 382 3528 444 3599; x_wconf 88' lang='lat' dir='ltr'><strong>Vs.</strong></span> <span class='ocrx_word' id='word_1_380' title='bbox 458 3524 547 3601; x_wconf 87' lang='grc'><strong>257.</strong></span> <span class='ocrx_word' id='word_1_381' title='bbox 571 3523 804 3625; x_wconf 79' lang='lat' dir='ltr'><strong>Necfrustru]</strong></span> <span class='ocrx_word' id='word_1_382' title='bbox 831 3527 906 3602; x_wconf 80' lang='lat' dir='ltr'><strong>XV.</strong></span> <span class='ocrx_word' id='word_1_383' title='bbox 923 3542 1162 3621; x_wconf 90' lang='lat' dir='ltr'><strong>praeceptum.</strong></span> <span class='ocrx_word' id='word_1_384' title='bbox 1317 3526 1455 3619; x_wconf 89' lang='lat' dir='ltr'><strong>opibus.</strong></span> <span class='ocrx_word' id='word_1_385' title='bbox 2178 3614 2185 3624; x_wconf 62' lang='lat'><strong>.</strong></span> 
     </span>
    </p>

    <p class='ocr_par' dir='ltr' id='par_1_15' title="bbox 381 3625 2197 3728">
     <span class='ocr_line' id='line_1_33' title="bbox 381 3625 2197 3728; baseline 0.004 -31"><span class='ocrx_word' id='word_1_386' title='bbox 381 3630 444 3702; x_wconf 86' lang='lat' dir='ltr'><strong>Vs.</strong></span> <span class='ocrx_word' id='word_1_387' title='bbox 458 3627 546 3705; x_wconf 85' lang='grc'><strong>258.</strong></span> <span class='ocrx_word' id='word_1_388' title='bbox 572 3625 714 3726; x_wconf 77' lang='lat' dir='ltr'><strong>Parem]</strong></span> <span class='ocrx_word' id='word_1_389' title='bbox 742 3632 779 3699; x_wconf 93' lang='lat' dir='ltr'><strong>id</strong></span> <span class='ocrx_word' id='word_1_390' title='bbox 799 3645 870 3712; x_wconf 88' lang='lat' dir='ltr'><strong>est,</strong></span> <span class='ocrx_word' id='word_1_391' title='bbox 896 3632 1137 3702; x_wconf 88' lang='lat' dir='ltr'><strong>distrilmtum.</strong></span> <span class='ocrx_word' id='word_1_392' title='bbox 1416 3626 1476 3701; x_wconf 85' lang='lat' dir='ltr'><strong>Vs.</strong></span> <span class='ocrx_word' id='word_1_393' title='bbox 1492 3631 1579 3704; x_wconf 90' lang='grc'><strong>802.</strong></span> <span class='ocrx_word' id='word_1_394' title='bbox 1608 3627 1779 3728; x_wconf 75' lang='lat' dir='ltr'><strong>Genitalis]</strong></span> <span class='ocrx_word' id='word_1_395' title='bbox 1806 3633 1842 3703; x_wconf 93' lang='lat' dir='ltr'><strong>id</strong></span> <span class='ocrx_word' id='word_1_396' title='bbox 1857 3643 1927 3717; x_wconf 82' lang='lat' dir='ltr'><strong>est&#39;,</strong></span> <span class='ocrx_word' id='word_1_397' title='bbox 1952 3636 2045 3704; x_wconf 83' lang='lat' dir='ltr'><strong>laeta</strong></span> <span class='ocrx_word' id='word_1_398' title='bbox 2061 3630 2197 3727; x_wconf 84' lang='lat' dir='ltr'><strong>hyems.</strong></span> 
     </span>
    </p>

    <p class='ocr_par' dir='ltr' id='par_1_16' title="bbox 281 3727 2303 3930">
     <span class='ocr_line' id='line_1_34' title="bbox 382 3727 2303 3833; baseline 0.001 -30"><span class='ocrx_word' id='word_1_399' title='bbox 382 3731 442 3804; x_wconf 89' lang='lat' dir='ltr'><strong>Vs.</strong></span> <span class='ocrx_word' id='word_1_400' title='bbox 457 3733 544 3807; x_wconf 91' lang='grc'><strong>268.</strong></span> <span class='ocrx_word' id='word_1_401' title='bbox 576 3727 734 3829; x_wconf 71' lang='lat' dir='ltr'><strong>Acerris]</strong></span> <span class='ocrx_word' id='word_1_402' title='bbox 766 3733 898 3803; x_wconf 87' lang='lat' dir='ltr'><strong>scilicet</strong></span> <span class='ocrx_word' id='word_1_403' title='bbox 925 3734 1115 3816; x_wconf 85' lang='lat' dir='ltr'><strong>frumenti,</strong></span> <span class='ocrx_word' id='word_1_404' title='bbox 1140 3731 1264 3811; x_wconf 89' lang='lat' dir='ltr'><strong>idest,</strong></span> <span class='ocrx_word' id='word_1_405' title='bbox 1416 3730 1477 3804; x_wconf 88' lang='lat' dir='ltr'><strong>Vs.</strong></span> <span class='ocrx_word' id='word_1_406' title='bbox 1502 3734 1589 3805; x_wconf 88' lang='grc'><strong>808.</strong></span> <span class='ocrx_word' id='word_1_407' title='bbox 1623 3739 1689 3806; x_wconf 81' lang='lat' dir='ltr'><strong>ceu</strong></span> <span class='ocrx_word' id='word_1_408' title='bbox 1710 3731 1863 3833; x_wconf 76' lang='lat' dir='ltr'><strong>pressae]</strong></span> <span class='ocrx_word' id='word_1_409' title='bbox 1898 3732 2145 3808; x_wconf 83' lang='lat' dir='ltr'><strong>Pulcherrima</strong></span> <span class='ocrx_word' id='word_1_410' title='bbox 2170 3734 2303 3806; x_wconf 88' lang='lat' dir='ltr'><strong>simili-</strong></span> 
     </span>
     <span class='ocr_line' id='line_1_35' title="bbox 281 3833 2253 3930; baseline 0.003 -27"><span class='ocrx_word' id='word_1_411' title='bbox 281 3834 435 3926; x_wconf 90' lang='lat' dir='ltr'><strong>imponit</strong></span> <span class='ocrx_word' id='word_1_412' title='bbox 448 3838 626 3907; x_wconf 80' lang='lat' dir='ltr'><strong>frumenta</strong></span> <span class='ocrx_word' id='word_1_413' title='bbox 642 3837 811 3920; x_wconf 81' lang='lat' dir='ltr'><strong>vasculis,</strong></span> <span class='ocrx_word' id='word_1_414' title='bbox 834 3850 869 3905; x_wconf 93' lang='lat' dir='ltr'><strong>et</strong></span> <span class='ocrx_word' id='word_1_415' title='bbox 883 3837 942 3905; x_wconf 91' lang='lat' dir='ltr'><strong>illa</strong></span> <span class='ocrx_word' id='word_1_416' title='bbox 958 3838 1087 3928; x_wconf 87' lang='lat' dir='ltr'><strong>signat.</strong></span> <span class='ocrx_word' id='word_1_417' title='bbox 1316 3839 1422 3919; x_wconf 89' lang='lat' dir='ltr'><strong>tudo,</strong></span> <span class='ocrx_word' id='word_1_418' title='bbox 1450 3833 1573 3928; x_wconf 92' lang='lat' dir='ltr'><strong>hyems</strong></span> <span class='ocrx_word' id='word_1_419' title='bbox 1590 3848 1642 3905; x_wconf 91' lang='lat' dir='ltr'><strong>est</strong></span> <span class='ocrx_word' id='word_1_420' title='bbox 1657 3838 1756 3929; x_wconf 89' lang='lat' dir='ltr'><strong>qnasi</strong></span> <span class='ocrx_word' id='word_1_421' title='bbox 1772 3853 1896 3928; x_wconf 88' lang='lat' dir='ltr'><strong>portus</strong></span> <span class='ocrx_word' id='word_1_422' title='bbox 1911 3839 2040 3909; x_wconf 87' lang='lat' dir='ltr'><strong>animis</strong></span> <span class='ocrx_word' id='word_1_423' title='bbox 2059 3838 2253 3930; x_wconf 83' lang='lat' dir='ltr'><strong>occupatis.</strong></span> 
     </span>
    </p>

    <p class='ocr_par' dir='ltr' id='par_1_17' title="bbox 383 3932 2305 4036">
     <span class='ocr_line' id='line_1_36' title="bbox 383 3932 2305 4036; baseline 0.003 -33"><span class='ocrx_word' id='word_1_424' title='bbox 383 3938 444 4009; x_wconf 88' lang='lat' dir='ltr'><strong>Vs.</strong></span> <span class='ocrx_word' id='word_1_425' title='bbox 457 3937 544 4011; x_wconf 88' lang='grc'><strong>264.</strong></span> <span class='ocrx_word' id='word_1_426' title='bbox 567 3932 711 4034; x_wconf 72' lang='lat' dir='ltr'><strong>floreas]</strong></span> <span class='ocrx_word' id='word_1_427' title='bbox 727 3939 763 4005; x_wconf 95' lang='lat' dir='ltr'><strong>in</strong></span> <span class='ocrx_word' id='word_1_428' title='bbox 781 3962 910 4029; x_wconf 81' lang='lat' dir='ltr'><strong>genere</strong></span> <span class='ocrx_word' id='word_1_429' title='bbox 924 3941 1124 4030; x_wconf 88' lang='lat' dir='ltr'><strong>significant</strong></span> <span class='ocrx_word' id='word_1_430' title='bbox 1138 3937 1263 4006; x_wconf 78' lang='lat' dir='ltr'><strong>fulcra.</strong></span> <span class='ocrx_word' id='word_1_431' title='bbox 1419 3938 1479 4009; x_wconf 93' lang='lat' dir='ltr'><strong>Vs.</strong></span> <span class='ocrx_word' id='word_1_432' title='bbox 1496 3939 1583 4008; x_wconf 87' lang='grc'><strong>808.</strong></span> <span class='ocrx_word' id='word_1_433' title='bbox 1614 3935 1766 4036; x_wconf 86' lang='lat' dir='ltr'><strong>Damas]</strong></span> <span class='ocrx_word' id='word_1_434' title='bbox 1802 3952 1854 4011; x_wconf 87' lang='lat' dir='ltr'><strong>est</strong></span> <span class='ocrx_word' id='word_1_435' title='bbox 1883 3944 2059 4033; x_wconf 89' lang='lat' dir='ltr'><strong>quaedam</strong></span> <span class='ocrx_word' id='word_1_436' title='bbox 2083 3944 2218 4032; x_wconf 87' lang='lat' dir='ltr'><strong>species</strong></span> <span class='ocrx_word' id='word_1_437' title='bbox 2243 3964 2305 4009; x_wconf 84' lang='lat' dir='ltr'><strong>co-</strong></span> 
     </span>
    </p>

    <p class='ocr_par' dir='ltr' id='par_1_18' title="bbox 282 4034 2302 4332">
     <span class='ocr_line' id='line_1_37' title="bbox 377 4034 2302 4135; baseline 0 -27"><span class='ocrx_word' id='word_1_438' title='bbox 377 4038 438 4110; x_wconf 90' lang='lat' dir='ltr'><strong>Vs.</strong></span> <span class='ocrx_word' id='word_1_439' title='bbox 462 4036 550 4114; x_wconf 76' lang='grc' dir='ltr'><strong>265.ι</strong></span> <span class='ocrx_word' id='word_1_440' title='bbox 582 4034 766 4135; x_wconf 80' lang='lat' dir='ltr'><strong>Amerina]</strong></span> <span class='ocrx_word' id='word_1_441' title='bbox 800 4041 835 4107; x_wconf 91' lang='lat' dir='ltr'><strong>id</strong></span> <span class='ocrx_word' id='word_1_442' title='bbox 869 4052 941 4122; x_wconf 87' lang='lat' dir='ltr'><strong>est,</strong></span> <span class='ocrx_word' id='word_1_443' title='bbox 980 4041 1129 4128; x_wconf 86' lang='lat' dir='ltr'><strong>saligna.</strong></span> <span class='ocrx_word' id='word_1_444' title='bbox 1199 4035 1264 4105; x_wconf 85' lang='lat' dir='ltr'><strong>Est</strong></span> <span class='ocrx_word' id='word_1_445' title='bbox 1315 4053 1424 4131; x_wconf 86' lang='lat' dir='ltr'><strong>gnata</strong></span> <span class='ocrx_word' id='word_1_446' title='bbox 1449 4041 1575 4112; x_wconf 88' lang='lat' dir='ltr'><strong>catulis</strong></span> <span class='ocrx_word' id='word_1_447' title='bbox 1597 4064 1805 4125; x_wconf 86' lang='lat' dir='ltr'><strong>cervorum,</strong></span> <span class='ocrx_word' id='word_1_448' title='bbox 1841 4067 1916 4111; x_wconf 90' lang='lat' dir='ltr'><strong>non</strong></span> <span class='ocrx_word' id='word_1_449' title='bbox 1941 4040 2074 4113; x_wconf 92' lang='lat' dir='ltr'><strong>habent</strong></span> <span class='ocrx_word' id='word_1_450' title='bbox 2103 4043 2153 4111; x_wconf 90' lang='lat' dir='ltr'><strong>ita</strong></span> <span class='ocrx_word' id='word_1_451' title='bbox 2176 4042 2302 4113; x_wconf 87' lang='lat' dir='ltr'><strong>distin·</strong></span> 
     </span>
     <span class='ocr_line' id='line_1_38' title="bbox 282 4134 2301 4238; baseline -0.001 -24"><span class='ocrx_word' id='word_1_452' title='bbox 282 4145 456 4238; x_wconf 87' lang='lat' dir='ltr'><strong>quaedam</strong></span> <span class='ocrx_word' id='word_1_453' title='bbox 473 4141 561 4211; x_wconf 82' lang='lat' dir='ltr'><strong>salix</strong></span> <span class='ocrx_word' id='word_1_454' title='bbox 575 4139 738 4209; x_wconf 83' lang='lat' dir='ltr'><strong>flexibilis</strong></span> <span class='ocrx_word' id='word_1_455' title='bbox 753 4151 788 4208; x_wconf 91' lang='lat' dir='ltr'><strong>et</strong></span> <span class='ocrx_word' id='word_1_456' title='bbox 803 4152 919 4209; x_wconf 84' lang='lat' dir='ltr'><strong>tenax.</strong></span> <span class='ocrx_word' id='word_1_457' title='bbox 995 4134 1212 4235; x_wconf 78' lang='lat' dir='ltr'><strong>Retinacula]</strong></span> <span class='ocrx_word' id='word_1_458' title='bbox 1227 4137 1263 4207; x_wconf 92' lang='lat' dir='ltr'><strong>id</strong></span> <span class='ocrx_word' id='word_1_459' title='bbox 1317 4156 1391 4214; x_wconf 88' lang='lat' dir='ltr'><strong>ctos</strong></span> <span class='ocrx_word' id='word_1_460' title='bbox 1408 4168 1582 4214; x_wconf 87' lang='lat' dir='ltr'><strong>cornuum</strong></span> <span class='ocrx_word' id='word_1_461' title='bbox 1594 4169 1727 4228; x_wconf 89' lang='lat' dir='ltr'><strong>ramos,</strong></span> <span class='ocrx_word' id='word_1_462' title='bbox 1743 4145 1834 4215; x_wconf 87' lang='lat' dir='ltr'><strong>sicut</strong></span> <span class='ocrx_word' id='word_1_463' title='bbox 1847 4170 1979 4217; x_wconf 88' lang='lat' dir='ltr'><strong>cornua</strong></span> <span class='ocrx_word' id='word_1_464' title='bbox 1997 4168 2186 4216; x_wconf 82' lang='lat' dir='ltr'><strong>cervorum</strong></span> <span class='ocrx_word' id='word_1_465' title='bbox 2205 4156 2301 4225; x_wconf 91' lang='lat' dir='ltr'><strong>sunt,</strong></span> 
     </span>
     <span class='ocr_line' id='line_1_39' title="bbox 283 4242 1837 4332; baseline 0.001 -20"><span class='ocrx_word' id='word_1_466' title='bbox 283 4258 354 4326; x_wconf 86' lang='lat' dir='ltr'><strong>est,</strong></span> <span class='ocrx_word' id='word_1_467' title='bbox 379 4243 584 4332; x_wconf 85' lang='lat' dir='ltr'><strong>ligamenta.</strong></span> <span class='ocrx_word' id='word_1_468' title='bbox 1315 4248 1378 4316; x_wconf 90' lang='lat' dir='ltr'><strong>sed</strong></span> <span class='ocrx_word' id='word_1_469' title='bbox 1390 4245 1483 4316; x_wconf 88' lang='lat' dir='ltr'><strong>rami</strong></span> <span class='ocrx_word' id='word_1_470' title='bbox 1496 4258 1579 4315; x_wconf 89' lang='lat' dir='ltr'><strong>sunt</strong></span> <span class='ocrx_word' id='word_1_471' title='bbox 1596 4242 1837 4316; x_wconf 84' lang='lat' dir='ltr'><strong>cohaerentes.</strong></span> 
     </span>
    </p>

    <p class='ocr_par' dir='ltr' id='par_1_19' title="bbox 283 4335 2300 4537">
     <span class='ocr_line' id='line_1_40' title="bbox 382 4335 2299 4446; baseline 0.003 -36"><span class='ocrx_word' id='word_1_472' title='bbox 382 4344 443 4415; x_wconf 87' lang='lat' dir='ltr'><strong>Vs.</strong></span> <span class='ocrx_word' id='word_1_473' title='bbox 463 4343 550 4416; x_wconf 92' lang='grc'><strong>266.</strong></span> <span class='ocrx_word' id='word_1_474' title='bbox 581 4335 736 4438; x_wconf 64' lang='lat' dir='ltr'><strong>Mna]</strong></span> <span class='ocrx_word' id='word_1_475' title='bbox 768 4341 923 4412; x_wconf 87' lang='lat' dir='ltr'><strong>Reusen.</strong></span> <span class='ocrx_word' id='word_1_476' title='bbox 1051 4340 1184 4441; x_wconf 79' lang='lat' dir='ltr'><strong>Ilubea]</strong></span> <span class='ocrx_word' id='word_1_477' title='bbox 1212 4357 1264 4416; x_wconf 88' lang='lat' dir='ltr'><strong>est</strong></span> <span class='ocrx_word' id='word_1_478' title='bbox 1416 4348 1475 4418; x_wconf 88' lang='lat' dir='ltr'><strong>Vs.</strong></span> <span class='ocrx_word' id='word_1_479' title='bbox 1499 4346 1586 4416; x_wconf 88' lang='grc'><strong>809.</strong></span> <span class='ocrx_word' id='word_1_480' title='bbox 1629 4352 1777 4437; x_wconf 83' lang='lat' dir='ltr'><strong>Stuppea</strong></span> <span class='ocrx_word' id='word_1_481' title='bbox 1798 4343 1951 4446; x_wconf 77' lang='lat' dir='ltr'><strong>uerbera]</strong></span> <span class='ocrx_word' id='word_1_482' title='bbox 1979 4347 2016 4418; x_wconf 92' lang='lat' dir='ltr'><strong>id</strong></span> <span class='ocrx_word' id='word_1_483' title='bbox 2039 4362 2114 4433; x_wconf 88' lang='lat' dir='ltr'><strong>est,</strong></span> <span class='ocrx_word' id='word_1_484' title='bbox 2154 4347 2299 4416; x_wconf 88' lang='lat' dir='ltr'><strong>vincula</strong></span> 
     </span>
     <span class='ocr_line' id='line_1_41' title="bbox 283 4444 2300 4537; baseline 0 -21"><span class='ocrx_word' id='word_1_485' title='bbox 283 4447 390 4516; x_wconf 89' lang='lat' dir='ltr'><strong>etiam</strong></span> <span class='ocrx_word' id='word_1_486' title='bbox 407 4445 593 4537; x_wconf 89' lang='lat' dir='ltr'><strong>peculiaris</strong></span> <span class='ocrx_word' id='word_1_487' title='bbox 609 4447 742 4536; x_wconf 87' lang='lat' dir='ltr'><strong>species</strong></span> <span class='ocrx_word' id='word_1_488' title='bbox 756 4444 884 4516; x_wconf 88' lang='lat' dir='ltr'><strong>salicis.</strong></span> <span class='ocrx_word' id='word_1_489' title='bbox 1033 4510 1036 4517; x_wconf 86' lang='lat'><strong>.</strong></span> <span class='ocrx_word' id='word_1_490' title='bbox 1315 4451 1406 4518; x_wconf 82' lang='lat' dir='ltr'><strong>lacta</strong></span> <span class='ocrx_word' id='word_1_491' title='bbox 1424 4447 1567 4516; x_wconf 76' lang='lat' dir='ltr'><strong>erlino.</strong></span> <span class='ocrx_word' id='word_1_492' title='bbox 1619 4447 1794 4520; x_wconf 90' lang='lat' dir='ltr'><strong>Nominat</strong></span> <span class='ocrx_word' id='word_1_493' title='bbox 1809 4466 1928 4522; x_wconf 90' lang='lat' dir='ltr'><strong>nutem</strong></span> <span class='ocrx_word' id='word_1_494' title='bbox 1949 4452 2095 4521; x_wconf 81' lang='lat' dir='ltr'><strong>fundam</strong></span> <span class='ocrx_word' id='word_1_495' title='bbox 2116 4450 2300 4519; x_wconf 82' lang='lat' dir='ltr'><strong>balearem</strong></span> 
     </span>
    </p>

    <p class='ocr_par' dir='ltr' id='par_1_20' title="bbox 282 4541 2303 4848">
     <span class='ocr_line' id='line_1_42' title="bbox 381 4541 2297 4647; baseline 0.002 -32"><span class='ocrx_word' id='word_1_496' title='bbox 381 4549 442 4621; x_wconf 86' lang='lat' dir='ltr'><strong>Vs.</strong></span> <span class='ocrx_word' id='word_1_497' title='bbox 456 4547 544 4622; x_wconf 88' lang='grc'><strong>276.</strong></span> <span class='ocrx_word' id='word_1_498' title='bbox 570 4553 651 4638; x_wconf 82' lang='lat' dir='ltr'><strong>Ipsa</strong></span> <span class='ocrx_word' id='word_1_499' title='bbox 664 4541 753 4644; x_wconf 82' lang='lat' dir='ltr'><strong>dies]</strong></span> <span class='ocrx_word' id='word_1_500' title='bbox 768 4544 859 4618; x_wconf 85' lang='lat' dir='ltr'><strong>XVI.</strong></span> <span class='ocrx_word' id='word_1_501' title='bbox 879 4560 1118 4638; x_wconf 86' lang='lat' dir='ltr'><strong>praeceptum.</strong></span> <span class='ocrx_word' id='word_1_502' title='bbox 1160 4548 1263 4619; x_wconf 92' lang='lat' dir='ltr'><strong>Hunc</strong></span> <span class='ocrx_word' id='word_1_503' title='bbox 1316 4549 1563 4620; x_wconf 90' lang='lat' dir='ltr'><strong>aBalearibus</strong></span> <span class='ocrx_word' id='word_1_504' title='bbox 1576 4549 1720 4636; x_wconf 88' lang='lat' dir='ltr'><strong>insulis,</strong></span> <span class='ocrx_word' id='word_1_505' title='bbox 1746 4578 1837 4647; x_wconf 89' lang='lat' dir='ltr'><strong>quae</strong></span> <span class='ocrx_word' id='word_1_506' title='bbox 1850 4579 1925 4624; x_wconf 92' lang='lat' dir='ltr'><strong>non</strong></span> <span class='ocrx_word' id='word_1_507' title='bbox 1939 4555 2045 4644; x_wconf 88' lang='lat' dir='ltr'><strong>longe</strong></span> <span class='ocrx_word' id='word_1_508' title='bbox 2060 4553 2105 4623; x_wconf 89' lang='lat' dir='ltr'><strong>ab</strong></span> <span class='ocrx_word' id='word_1_509' title='bbox 2119 4550 2297 4642; x_wconf 86' lang='lat' dir='ltr'><strong>Hispania</strong></span> 
     </span>
     <span class='ocr_line' id='line_1_43' title="bbox 282 4650 2301 4742; baseline -0 -21"><span class='ocrx_word' id='word_1_510' title='bbox 282 4662 394 4722; x_wconf 88' lang='lat' dir='ltr'><strong>totum</strong></span> <span class='ocrx_word' id='word_1_511' title='bbox 420 4653 537 4721; x_wconf 89' lang='lat' dir='ltr'><strong>locum</strong></span> <span class='ocrx_word' id='word_1_512' title='bbox 561 4653 605 4720; x_wconf 89' lang='lat' dir='ltr'><strong>de</strong></span> <span class='ocrx_word' id='word_1_513' title='bbox 627 4651 831 4722; x_wconf 82' lang='lat' dir='ltr'><strong>discrimine</strong></span> <span class='ocrx_word' id='word_1_514' title='bbox 848 4650 988 4720; x_wconf 91' lang='lat' dir='ltr'><strong>dierum</strong></span> <span class='ocrx_word' id='word_1_515' title='bbox 1007 4652 1113 4742; x_wconf 84' lang='lat' dir='ltr'><strong>plane</strong></span> <span class='ocrx_word' id='word_1_516' title='bbox 1132 4677 1175 4723; x_wconf 84' lang='lat' dir='ltr'><strong>ex</strong></span> <span class='ocrx_word' id='word_1_517' title='bbox 1193 4651 1263 4722; x_wconf 88' lang='lat' dir='ltr'><strong>He·</strong></span> <span class='ocrx_word' id='word_1_518' title='bbox 1315 4652 1403 4724; x_wconf 90' lang='lat' dir='ltr'><strong>sitae</strong></span> <span class='ocrx_word' id='word_1_519' title='bbox 1429 4664 1533 4736; x_wconf 90' lang='lat' dir='ltr'><strong>sunt,</strong></span> <span class='ocrx_word' id='word_1_520' title='bbox 1560 4654 1670 4724; x_wconf 89' lang='lat' dir='ltr'><strong>altera</strong></span> <span class='ocrx_word' id='word_1_521' title='bbox 1697 4669 1846 4727; x_wconf 89' lang='lat' dir='ltr'><strong>vocatur</strong></span> <span class='ocrx_word' id='word_1_522' title='bbox 1867 4650 2060 4740; x_wconf 86' lang='lat' dir='ltr'><strong>Maiorica,</strong></span> <span class='ocrx_word' id='word_1_523' title='bbox 2090 4655 2201 4723; x_wconf 89' lang='lat' dir='ltr'><strong>altera</strong></span> <span class='ocrx_word' id='word_1_524' title='bbox 2227 4653 2301 4721; x_wconf 89' lang='lat' dir='ltr'><strong>Mi-</strong></span> 
     </span>
     <span class='ocr_line' id='line_1_44' title="bbox 285 4752 2303 4848; baseline -0 -23"><span class='ocrx_word' id='word_1_525' title='bbox 285 4753 386 4825; x_wconf 86' lang='lat' dir='ltr'><strong>siodo</strong></span> <span class='ocrx_word' id='word_1_526' title='bbox 403 4752 451 4848; x_wconf 83' lang='lat'><strong>¹⁰)</strong></span> <span class='ocrx_word' id='word_1_527' title='bbox 472 4753 624 4846; x_wconf 87' lang='lat' dir='ltr'><strong>sumpsit</strong></span> <span class='ocrx_word' id='word_1_528' title='bbox 644 4766 762 4845; x_wconf 87' lang='lat' dir='ltr'><strong>poeta.</strong></span> <span class='ocrx_word' id='word_1_529' title='bbox 1314 4754 1451 4825; x_wconf 89' lang='lat' dir='ltr'><strong>norica.</strong></span> <span class='ocrx_word' id='word_1_530' title='bbox 1501 4752 1647 4826; x_wconf 89' lang='lat' dir='ltr'><strong>lllarum</strong></span> <span class='ocrx_word' id='word_1_531' title='bbox 1683 4759 1877 4829; x_wconf 89' lang='lat' dir='ltr'><strong>insularum</strong></span> <span class='ocrx_word' id='word_1_532' title='bbox 1913 4754 2078 4828; x_wconf 89' lang='lat' dir='ltr'><strong>homines</strong></span> <span class='ocrx_word' id='word_1_533' title='bbox 2110 4756 2159 4825; x_wconf 91' lang='lat' dir='ltr'><strong>ita</strong></span> <span class='ocrx_word' id='word_1_534' title='bbox 2195 4767 2303 4824; x_wconf 89' lang='lat' dir='ltr'><strong>erant</strong></span> 
     </span>
    </p>

    <p class='ocr_par' dir='ltr' id='par_1_21' title="bbox 280 4849 2302 5053">
     <span class='ocr_line' id='line_1_45' title="bbox 379 4849 2302 4952; baseline 0.002 -30"><span class='ocrx_word' id='word_1_535' title='bbox 379 4856 440 4928; x_wconf 88' lang='lat' dir='ltr'><strong>Vs.</strong></span> <span class='ocrx_word' id='word_1_536' title='bbox 463 4854 550 4930; x_wconf 88' lang='grc'><strong>277.</strong></span> <span class='ocrx_word' id='word_1_537' title='bbox 587 4849 764 4952; x_wconf 78' lang='lat' dir='ltr'><strong>Quintam]</strong></span> <span class='ocrx_word' id='word_1_538' title='bbox 791 4855 868 4925; x_wconf 86' lang='lat' dir='ltr'><strong>Hoc</strong></span> <span class='ocrx_word' id='word_1_539' title='bbox 891 4857 997 4948; x_wconf 89' lang='lat' dir='ltr'><strong>plane</strong></span> <span class='ocrx_word' id='word_1_540' title='bbox 1022 4872 1074 4927; x_wconf 89' lang='lat' dir='ltr'><strong>est</strong></span> <span class='ocrx_word' id='word_1_541' title='bbox 1095 4857 1263 4948; x_wconf 88' lang='lat' dir='ltr'><strong>supersti-</strong></span> <span class='ocrx_word' id='word_1_542' title='bbox 1316 4857 1497 4927; x_wconf 83' lang='lat' dir='ltr'><strong>exercitati</strong></span> <span class='ocrx_word' id='word_1_543' title='bbox 1509 4859 1647 4943; x_wconf 82' lang='lat' dir='ltr'><strong>lundis,</strong></span> <span class='ocrx_word' id='word_1_544' title='bbox 1673 4862 1831 4951; x_wconf 85' lang='lat' dir='ltr'><strong>utlonge</strong></span> <span class='ocrx_word' id='word_1_545' title='bbox 1846 4872 2058 4950; x_wconf 87' lang='lat' dir='ltr'><strong>superarent</strong></span> <span class='ocrx_word' id='word_1_546' title='bbox 2072 4883 2197 4928; x_wconf 89' lang='lat' dir='ltr'><strong>omnes</strong></span> <span class='ocrx_word' id='word_1_547' title='bbox 2217 4857 2302 4927; x_wconf 87' lang='lat' dir='ltr'><strong>reli·</strong></span> 
     </span>
     <span class='ocr_line' id='line_1_46' title="bbox 280 4954 2301 5053; baseline 0.002 -28"><span class='ocrx_word' id='word_1_548' title='bbox 280 4959 429 5039; x_wconf 90' lang='lat' dir='ltr'><strong>tiosum;</strong></span> <span class='ocrx_word' id='word_1_549' title='bbox 462 4962 524 5030; x_wconf 88' lang='lat' dir='ltr'><strong>sed</strong></span> <span class='ocrx_word' id='word_1_550' title='bbox 548 4960 606 5028; x_wconf 88' lang='lat' dir='ltr'><strong>illa</strong></span> <span class='ocrx_word' id='word_1_551' title='bbox 629 4961 674 5029; x_wconf 83' lang='lat' dir='ltr'><strong>de</strong></span> <span class='ocrx_word' id='word_1_552' title='bbox 695 4960 820 5031; x_wconf 89' lang='lat' dir='ltr'><strong>diebus</strong></span> <span class='ocrx_word' id='word_1_553' title='bbox 843 4958 974 5030; x_wconf 87' lang='lat' dir='ltr'><strong>criticis</strong></span> <span class='ocrx_word' id='word_1_554' title='bbox 997 4954 1130 5030; x_wconf 91' lang='lat' dir='ltr'><strong>habent</strong></span> <span class='ocrx_word' id='word_1_555' title='bbox 1152 4959 1262 5028; x_wconf 91' lang='lat' dir='ltr'><strong>ratio-</strong></span> <span class='ocrx_word' id='word_1_556' title='bbox 1316 4984 1404 5051; x_wconf 89' lang='lat' dir='ltr'><strong>quas</strong></span> <span class='ocrx_word' id='word_1_557' title='bbox 1420 4959 1595 5032; x_wconf 90' lang='lat' dir='ltr'><strong>nationes.</strong></span> <span class='ocrx_word' id='word_1_558' title='bbox 1646 4961 1693 5031; x_wconf 88' lang='lat' dir='ltr'><strong>Et</strong></span> <span class='ocrx_word' id='word_1_559' title='bbox 1708 4963 1836 5032; x_wconf 85' lang='lat' dir='ltr'><strong>Strabo</strong></span> <span class='ocrx_word' id='word_1_560' title='bbox 1859 4962 1982 5031; x_wconf 88' lang='lat' dir='ltr'><strong>scribit</strong></span> <span class='ocrx_word' id='word_1_561' title='bbox 1996 4961 2118 5053; x_wconf 90' lang='lat' dir='ltr'><strong>pueris</strong></span> <span class='ocrx_word' id='word_1_562' title='bbox 2139 4984 2215 5029; x_wconf 88' lang='lat' dir='ltr'><strong>uon</strong></span> <span class='ocrx_word' id='word_1_563' title='bbox 2236 4963 2301 5030; x_wconf 87' lang='lat' dir='ltr'><strong>da-</strong></span> 
     </span>
    </p>

    <p class='ocr_par' dir='ltr' id='par_1_22' title="bbox 1314 5061 2298 5158">
     <span class='ocr_line' id='line_1_47' title="bbox 1314 5061 2298 5158; baseline -0.001 -29"><span class='ocrx_word' id='word_1_564' title='bbox 1314 5073 1390 5132; x_wconf 87' lang='lat' dir='ltr'><strong>tum</strong></span> <span class='ocrx_word' id='word_1_565' title='bbox 1413 5085 1486 5134; x_wconf 73' lang='lat' dir='ltr'><strong>esse</strong></span> <span class='ocrx_word' id='word_1_566' title='bbox 1501 5061 1638 5146; x_wconf 88' lang='lat' dir='ltr'><strong>cibum,</strong></span> <span class='ocrx_word' id='word_1_567' title='bbox 1660 5065 1867 5158; x_wconf 89' lang='lat' dir='ltr'><strong>prinsquam</strong></span> <span class='ocrx_word' id='word_1_568' title='bbox 1887 5063 1990 5136; x_wconf 87' lang='lat' dir='ltr'><strong>certis</strong></span> <span class='ocrx_word' id='word_1_569' title='bbox 2017 5063 2240 5155; x_wconf 88' lang='lat' dir='ltr'><strong>temporibus</strong></span> <span class='ocrx_word' id='word_1_570' title='bbox 2261 5083 2298 5130; x_wconf 92' lang='lat' dir='ltr'><strong>se</strong></span> 
     </span>
    </p>
   </div>
   <div class='ocr_carea' id='block_1_5' title="bbox 313 5165 1684 5286">
    <p class='ocr_par' dir='ltr' id='par_1_23' title="bbox 313 5165 1684 5286">
     <span class='ocr_line' id='line_1_48' title="bbox 313 5165 1684 5286; baseline -0.029 -12"><span class='ocrx_word' id='word_1_571' title='bbox 313 5219 345 5285; x_wconf 78' lang='lat'><strong>8)</strong></span> <span class='ocrx_word' id='word_1_572' title='bbox 364 5219 484 5284; x_wconf 72' lang='lat' dir='ltr'><strong>possint]</strong></span> <span class='ocrx_word' id='word_1_573' title='bbox 504 5222 553 5271; x_wconf 81' lang='lat' dir='ltr'><strong>ru.</strong></span> <span class='ocrx_word' id='word_1_574' title='bbox 572 5223 646 5274; x_wconf 74' lang='lat' dir='ltr'><strong>toas.</strong></span> <span class='ocrx_word' id='word_1_575' title='bbox 664 5226 790 5286; x_wconf 61' lang='lat' dir='ltr'><strong>„mm</strong></span> <span class='ocrx_word' id='word_1_576' title='bbox 1314 5165 1548 5235; x_wconf 80' lang='lat' dir='ltr'><strong>exercuissent</strong></span> <span class='ocrx_word' id='word_1_577' title='bbox 1561 5166 1684 5235; x_wconf 85' lang='lat' dir='ltr'><strong>funda.</strong></span> 
     </span>
    </p>
   </div>
   <div class='ocr_carea' id='block_1_6' title="bbox 312 5265 2300 5461">
    <p class='ocr_par' dir='ltr' id='par_1_24' title="bbox 312 5265 2300 5461">
     <span class='ocr_line' id='line_1_49' title="bbox 312 5265 2300 5391; baseline -0.011 -21"><span class='ocrx_word' id='word_1_578' title='bbox 312 5316 344 5384; x_wconf 89' lang='lat' dir='ltr'><strong>s)</strong></span> <span class='ocrx_word' id='word_1_579' title='bbox 368 5318 549 5381; x_wconf 73' lang='lat' dir='ltr'><strong>respuam]</strong></span> <span class='ocrx_word' id='word_1_580' title='bbox 574 5322 615 5372; x_wconf 68' lang='lat' dir='ltr'><strong>aa</strong></span> <span class='ocrx_word' id='word_1_581' title='bbox 637 5325 686 5373; x_wconf 80' lang='lat' dir='ltr'><strong>ra.</strong></span> <span class='ocrx_word' id='word_1_582' title='bbox 703 5324 780 5375; x_wconf 79' lang='grc' dir='ltr'><strong>ιεεε</strong></span> <span class='ocrx_word' id='word_1_583' title='bbox 798 5323 828 5374; x_wconf 81' lang='grc' dir='ltr'><strong>ιιι</strong></span> <span class='ocrx_word' id='word_1_584' title='bbox 852 5326 944 5391; x_wconf 72' lang='lat' dir='ltr'><strong>sexu,</strong></span> <span class='ocrx_word' id='word_1_585' title='bbox 975 5325 1004 5376; x_wconf 78' lang='lat' dir='ltr'><strong>sn</strong></span> <span class='ocrx_word' id='word_1_586' title='bbox 1028 5327 1080 5378; x_wconf 77' lang='lat' dir='ltr'><strong>soe</strong></span> <span class='ocrx_word' id='word_1_587' title='bbox 1100 5329 1260 5381; x_wconf 71' lang='lat' dir='ltr'><strong>ament:</strong></span> <span class='ocrx_word' id='word_1_588' title='bbox 1414 5266 1474 5336; x_wconf 49' lang='lat' dir='ltr'><strong>V&amp;</strong></span> <span class='ocrx_word' id='word_1_589' title='bbox 1492 5267 1589 5383; x_wconf 35' lang='lat'><strong>311..</strong></span> <span class='ocrx_word' id='word_1_590' title='bbox 1607 5270 1695 5352; x_wconf 62' lang='grc' dir='ltr'><strong>94ῐᾶ</strong></span> <span class='ocrx_word' id='word_1_591' title='bbox 1708 5265 1943 5386; x_wconf 67' lang='lat' dir='ltr'><strong>tempestates]</strong></span> <span class='ocrx_word' id='word_1_592' title='bbox 1958 5266 2047 5339; x_wconf 77' lang='lat' dir='ltr'><strong>XlX·</strong></span> <span class='ocrx_word' id='word_1_593' title='bbox 2064 5278 2300 5384; x_wconf 69' lang='lat' dir='ltr'><strong>praeceptum</strong></span> 
     </span>
     <span class='ocr_line' id='line_1_50' title="bbox 346 5368 2299 5461; baseline -0.01 -8"><span class='ocrx_word' id='word_1_594' title='bbox 346 5387 512 5452; x_wconf 63' lang='lat' dir='ltr'><strong>Blrlsswtr</strong></span> <span class='ocrx_word' id='word_1_595' title='bbox 535 5390 585 5439; x_wconf 76' lang='lat' dir='ltr'><strong>Ed·</strong></span> <span class='ocrx_word' id='word_1_596' title='bbox 603 5390 743 5455; x_wconf 74' lang='lat' dir='ltr'><strong>Wagner.</strong></span> <span class='ocrx_word' id='word_1_597' title='bbox 759 5391 918 5458; x_wconf 71' lang='lat' dir='ltr'><strong>nauseas.</strong></span> <span class='ocrx_word' id='word_1_598' title='bbox 1174 5456 1177 5461; x_wconf 27' lang='grc' dir='ltr'>Ι</span> <span class='ocrx_word' id='word_1_599' title='bbox 1313 5368 1356 5433; x_wconf 83' lang='lat' dir='ltr'><strong>ne</strong></span> <span class='ocrx_word' id='word_1_600' title='bbox 1389 5372 1669 5458; x_wconf 78' lang='lat' dir='ltr'><strong>tempestatibus.</strong></span> <span class='ocrx_word' id='word_1_601' title='bbox 1736 5370 1876 5441; x_wconf 78' lang='lat' dir='ltr'><strong>Recrtat</strong></span> <span class='ocrx_word' id='word_1_602' title='bbox 1906 5384 2025 5442; x_wconf 90' lang='lat' dir='ltr'><strong>autem</strong></span> <span class='ocrx_word' id='word_1_603' title='bbox 2056 5368 2168 5438; x_wconf 86' lang='lat' dir='ltr'><strong>multa</strong></span> <span class='ocrx_word' id='word_1_604' title='bbox 2195 5389 2299 5460; x_wconf 76' lang='lat' dir='ltr'><strong>signa</strong></span> 
     </span>
    </p>
   </div>
   <div class='ocr_carea' id='block_1_7' title="bbox 314 5471 1912 5563">
    <p class='ocr_par' dir='ltr' id='par_1_25' title="bbox 314 5471 1912 5563">
     <span class='ocr_line' id='line_1_51' title="bbox 314 5471 1912 5563; baseline 0.002 -20"><span class='ocrx_word' id='word_1_605' title='bbox 314 5486 362 5556; x_wconf 78' lang='lat' dir='ltr'><strong>tt)</strong></span> <span class='ocrx_word' id='word_1_606' title='bbox 380 5489 492 5544; x_wconf 71' lang='lat' dir='ltr'><strong>usuros</strong></span> <span class='ocrx_word' id='word_1_607' title='bbox 511 5491 579 5555; x_wconf 71' lang='lat' dir='ltr'><strong>opp.</strong></span> <span class='ocrx_word' id='word_1_608' title='bbox 598 5495 626 5542; x_wconf 81' lang='lat' dir='ltr'><strong>st</strong></span> <span class='ocrx_word' id='word_1_609' title='bbox 643 5477 708 5543; x_wconf 77' lang='lat' dir='ltr'><strong>olea</strong></span> <span class='ocrx_word' id='word_1_610' title='bbox 725 5492 779 5544; x_wconf 77' lang='lat' dir='ltr'><strong>soa</strong></span> <span class='ocrx_word' id='word_1_611' title='bbox 791 5505 850 5557; x_wconf 70' lang='lat' dir='ltr'><strong>qq.</strong></span> <span class='ocrx_word' id='word_1_612' title='bbox 870 5495 912 5546; x_wconf 64' lang='lat' dir='ltr'><strong>aa</strong></span> <span class='ocrx_word' id='word_1_613' title='bbox 929 5494 1081 5561; x_wconf 57' lang='lat' dir='ltr'><strong>aarum</strong></span> <span class='ocrx_word' id='word_1_614' title='bbox 1314 5479 1563 5559; x_wconf 85' lang='lat' dir='ltr'><strong>tempestatum</strong></span> <span class='ocrx_word' id='word_1_615' title='bbox 1581 5471 1655 5540; x_wconf 91' lang='lat' dir='ltr'><strong>sive</strong></span> <span class='ocrx_word' id='word_1_616' title='bbox 1672 5474 1912 5563; x_wconf 85' lang='lat' dir='ltr'><strong>prognostica.</strong></span> 
     </span>
    </p>
   </div>
   <div class='ocr_carea' id='block_1_8' title="bbox 0 0 2400 6004">
    <p class='ocr_par' dir='ltr' id='par_1_26' title="bbox 0 0 2400 6004">
     <span class='ocr_line' id='line_1_52' title="bbox 0 0 2400 6004; baseline 0 0"><span class='ocrx_word' id='word_1_617' title='bbox 0 0 2400 6004; x_wconf 95' lang='lat' dir='ltr'><strong> </strong></span> 
     </span>
    </p>
   </div>
  </div>
 </body>
</html>
