4762 6008
169 315 246 392 6⁸5
625 308 731 382 XCII.
782 307 1066 383 ENARRATIO
1101 307 1463 383 COMOEDIARUM
1498 308 1739 383 TERENTII.
2122 317 2198 389 686

169 492 362 581 loquatur,
390 485 451 554 sed
469 506 586 554 secum
606 481 654 579 (si
670 507 758 574 opus
774 481 897 572 luerit)
918 483 1026 551 verba
1041 482 1161 565 iaciat,
1214 484 1311 577 quod
1324 476 1478 565 Ithacae,
1505 481 1595 552 sicut
1609 480 1717 550 Locri
1734 480 1871 550 incolae
1885 483 2022 574 palliati
2037 486 2199 567 luerunt;

172 603 207 660 et
225 585 294 657 hoc
310 588 522 655 monodium
537 586 748 676 appellatur.
804 582 846 652 ln
862 581 979 655 choris
994 607 1079 652 vero
1096 609 1162 652 nu·
1213 580 1361 654 Achillis
1376 584 1449 653 sive
1467 583 1696 675 Neoptolemi
1715 607 1889 674 personae
1914 585 2116 656 diademate
2141 614 2199 657 co-

171 715 292 760 merus
307 711 543 780 personarum
559 685 729 757 diffinitus
744 710 819 754 non
835 698 899 769 est,
915 685 1047 778 quippe
1064 687 1161 778 quod
1213 700 1364 755 ronatae
1381 687 1595 776 prodibant,
1621 685 1783 779 quamvis
1800 687 1933 776 regalia
1948 701 2084 777 sceptra
2108 715 2199 759 uun-

172 790 324 863 iunctim
344 814 467 860 omnes
481 789 582 883 loqui
603 790 753 873 debent,
780 787 881 881 quasi
897 812 985 856 voce
1003 790 1161 871 confusa,
1214 812 1322 882 quam
1336 789 1528 857 tenuerint.
1582 787 1735 856 Cornicis
1759 787 1902 857 senibus
1926 790 2117 859 candidum
2140 817 2200 861 ve·

174 906 211 963 et
242 905 452 961 concentum
486 891 524 958 in
552 914 662 960 unam
693 913 884 981 personam
913 890 1161 960 reformantes.
1214 891 1420 961 stimentum
1447 890 1611 959 dabatur.
1663 889 1945 958 Adulescentulis
1971 892 2125 960 discolor
2147 906 2200 961 at-

176 992 366 1065 Sciendum
377 990 524 1062 Latinas
539 991 742 1062 comoedias
757 987 908 1061 chorum
924 1016 999 1060 non
1010 987 1142 1059 habere
1153 1018 1179 1083 3„
1213 992 1404 1073 tribuitur,
1429 1005 1471 1060 ut
1487 992 1543 1061 sui
1556 991 1692 1081 ingenii
1708 991 1943 1059 mobilitatem
1965 1018 2052 1082 prae
2075 1017 2111 1062 se
2132 993 2200 1061 fer-

174 1098 237 1169 sed
259 1097 398 1166 duobus
419 1108 559 1163 tantum
584 1093 756 1162 membris
782 1105 966 1175 constant,
999 1093 1162 1161 diverbio
1215 1106 1306 1164 rent.
1358 1094 1460 1162 Servi
1482 1092 1615 1161 amictu
1638 1093 1764 1182 exiguo
1786 1105 2024 1182 conteguntur
2047 1118 2200 1186 pauper-

175 1197 307 1268 scilicet
322 1210 356 1266 et
370 1196 520 1266 cantico.
577 1195 662 1266 Non
687 1208 738 1264 est
757 1191 825 1263 hoc
848 1197 1163 1287 praetereundum,
1215 1197 1297 1265 tatis
1321 1195 1489 1288 antiquae
1515 1194 1648 1284 gratia,
1685 1194 1741 1261 vel
1768 1220 1840 1286 quo
1863 1195 2099 1285 expeditiores
2121 1219 2201 1286 age-

176 1302 274 1393 quod
288 1299 426 1390 primus
443 1295 586 1388 (autore
601 1294 830 1393 Aristotele),
857 1297 919 1391 qui
935 1292 1106 1388 personas
1126 1296 1163 1364 in
1215 1311 1307 1367 rent.
1358 1295 1513 1365 Parasiti
1540 1321 1620 1364 cum
1642 1295 1785 1364 intortis
1799 1296 1917 1386 palliis
1933 1298 1978 1365 ob
1998 1298 2127 1366 collum
2142 1321 2201 1366 ve-

175 1425 317 1471 scenam
331 1400 560 1493 produxerit,
592 1400 760 1489 prologos
783 1399 1012 1480 confinxerit,
1045 1412 1080 1467 et
1099 1422 1165 1489 per
1216 1400 1342 1482 niunt,
1392 1399 1485 1467 laeto
1520 1397 1711 1480 candidus,
1759 1420 1974 1468 aerumnoso
2010 1399 2201 1482 obsoletus,

175 1498 370 1572 histriones
402 1501 912 1592 fabulasrepraesentaverit,
966 1499 1164 1590 ignoratur.
1216 1524 1416 1592 purpureus
1432 1499 1553 1580 diviti,
1580 1499 1730 1590 pauperi
1744 1495 1960 1589 phoeniceus
1974 1502 2121 1571 vestitus
2137 1503 2201 1569 da-

177 1602 367 1672 Caeterum
382 1602 521 1673 fabulas
537 1602 673 1693 primus
688 1592 858 1670 conh'nxit
874 1597 1109 1693 Epicharmus
1131 1613 1166 1669 et
1215 1604 1341 1684 batur,
1368 1601 1474 1667 militi
1495 1595 1653 1692 chlamys
1678 1624 1870 1693 purpurea.
1932 1602 2077 1672 Puellae
2099 1599 2200 1670 habi·
2248 1650 2259 1661 -

175 1698 363 1784 Phormis;
386 1729 470 1773 nam
488 1728 529 1772 ex
543 1704 661 1774 Sicilia
679 1704 717 1771 in
730 1703 918 1773 Graeciam
937 1704 1165 1773 aitadvectas
1217 1717 1273 1773 tus
1288 1703 1497 1795 peregrinus
1514 1701 1704 1770 inducitur.
1756 1699 1856 1771 Leno
1874 1702 1984 1793 pallio
2001 1704 2091 1771 varii
2107 1706 2201 1772 colo-

178 1809 274 1897 apud
289 1802 534 1877 Athenienses.
587 1804 703 1874 Porro
721 1805 844 1875 Crates
860 1806 999 1897 primus
1021 1804 1165 1874 iambici
1217 1806 1267 1875 ris
1283 1805 1407 1875 utitur.
1458 1801 1639 1872 Meretrici
1656 1806 1702 1871 ob
1719 1805 1906 1872 avaritiam
1930 1807 2063 1874 luteum
2084 1810 2201 1875 datur.

178 1909 294 2001 specie
313 1908 494 1977 orationes
512 1931 552 1973 ac
568 1908 705 1977 fabulas
721 1905 872 1997 scripsit.

514 2075 575 2143 De
607 2076 831 2165 partibus.
880 2082 885 2093 '

279 2208 486 2303 Dionysius,
514 2209 637 2281 Crates
651 2223 889 2302 cognomento
899 2210 1066 2281 Mallotes
1083 2233 1165 2300 pro-

180 2311 370 2392 diderunt,
403 2311 610 2379 comoediae
633 2325 752 2401 partes
775 2323 930 2403 quatuor
955 2336 1044 2381 esse:
1081 2334 1166 2401 pro·

179 2413 322 2500 logum,
363 2406 596 2494 chorimelos,
639 2412 837 2502 episodium
873 2423 908 2479 et
940 2410 1105 2481 exodium
1123 2407 1166 2503 ⁸).

180 2511 357 2601 Prologus
376 2514 421 2579 ad
437 2511 634 2601 ingressum
652 2537 764 2606 usque
777 2508 877 2580 chori
895 2525 956 2582 est.
1008 2514 1057 2582 At
1075 2535 1166 2604 quae

182 2639 263 2683 cum
278 2613 439 2703 ingressu
462 2608 562 2681 chori
586 2613 741 2697 locutio,
774 2610 987 2683 chorimelos
1011 2613 1166 2705 appella-

182 2728 252 2785 tur.
306 2713 516 2806 Episodium
534 2739 645 2806 porro
665 2727 716 2785 est
728 2716 840 2786 melos
854 2716 947 2784 inter
964 2728 1104 2799 cantus,
1133 2726 1167 2782 et

183 2813 375 2885 chororum
393 2817 561 2886 binorum
576 2818 785 2888 locutiones.
843 2816 1019 2887 Exodium
1045 2830 1097 2888 est
1121 2817 1166 2884 ad

184 2915 284 2987 chori
300 2920 407 2986 finem
427 2919 572 2988 locutio.

295 3085 356 3155 De
383 3087 505 3157 ludis
533 3087 748 3170 scenicis,
785 3113 834 3156 ex
859 3086 1052 3156 Donato.

289 3219 383 3291 Ludi
406 3235 489 3292 sunt
514 3222 751 3292 caerimoniae
777 3225 823 3293 ab
840 3222 1014 3292 aedilibus
1038 3220 1167 3290 curuli-

181 3324 248 3392 bus
265 3347 415 3393 munere
431 3324 575 3414 publico
593 3325 793 3406 institutae,
818 3327 857 3392 in
875 3326 1003 3420 quibus
1026 3336 1066 3393 ut
1090 3324 1167 3414 plu·

181 3424 315 3494 rimum
333 3426 540 3494 comoediae
554 3426 816 3507 recitabantur,
842 3450 996 3520 quorum
1012 3438 1169 3520 quatuor

181 3528 337 3595 maxime
363 3551 492 3616 genera
519 3529 760 3598 celebrantur:
787 3524 1008 3618 Megalenses
1031 3527 1168 3618 magnis

180 3626 262 3697 Diis
287 3629 500 3708 consecrati;
540 3630 706 3701 funebres
733 3633 779 3698 ad
801 3631 1027 3700 retinendum
1054 3652 1168 3720 popu-

181 3730 258 3797 lum
275 3729 447 3812 instituti,
474 3732 557 3799 dum
577 3755 710 3822 pompa
734 3732 850 3800 funeri
873 3735 1013 3800 decreta
1041 3731 1078 3798 in
1103 3727 1168 3798 ho-

179 3852 310 3899 norem
336 3830 476 3921 patricii
500 3831 567 3899 viri
590 3834 693 3922 plene
718 3832 925 3912 instruitur;
955 3832 1084 3924 plebeii
1101 3856 1168 3922 pro

182 3932 296 4003 salute
318 3932 431 4023 plebis
452 3932 605 4003 instituti
627 3946 728 4014 sunt;
760 3934 987 4026 Apollinares
1009 3934 1168 4027 Apollini

182 4035 392 4104 consecrati.

531 4185 607 4256 De
667 4187 826 4259 aris.

286 4325 382 4394 Arae
414 4325 506 4394 duae
535 4339 638 4393 erant
670 4324 708 4392 in
739 4349 842 4395 scena
864 4324 943 4394 Diis
975 4324 1170 4408 dedicatae,

185 4426 310 4493 dextra
340 4425 472 4495 scilicet
504 4438 538 4494 et
566 4426 730 4509 sinistra,
761 4429 885 4496 dextra
909 4426 1041 4496 Libero
1062 4427 1170 4517 patri,

185 4525 328 4597 sinistra
348 4528 400 4594 illi
414 4525 513 4610 Deo,
540 4528 578 4595 in
593 4529 692 4598 cuius
707 4529 849 4598 laudem
866 4529 942 4598 ludi
955 4530 1099 4598 fiebant.

437 4674 502 4749 De
530 4681 711 4751 scenico
742 4676 915 4750 habitu.

288 4810 452 4883 Scenicus
472 4808 615 4884 habitus
640 4826 692 4884 est
709 4813 910 4884 indumenti
933 4838 1063 4906 genus,
1098 4841 1170 4909 quo

182 4912 380 4984 utebantur
394 4915 542 4999 scenici,
567 4929 609 4986 ut
630 4918 720 4985 alter
743 4916 788 4986 ab
813 4917 926 4985 altero
949 4917 1171 5007 dignoscere·

182 5028 255 5087 tur.
299 5014 463 5087 Primum
482 5017 577 5086 enim
593 5015 757 5111 Ulyssem
773 5018 810 5087 in
825 5042 966 5089 scenam
982 5019 1169 5109 palliatum

180 5118 353 5188 inducere
368 5118 550 5203 solebant,
577 5121 634 5187 vel
651 5122 747 5213 quod
772 5122 967 5214 aliquando
992 5119 1167 5189 insaniam

180 5218 378 5313 simularit,
420 5221 477 5291 vel
507 5222 553 5289 ob
583 5220 799 5311 singularem
829 5222 1081 5315 sapientiam,¹
1107 5247 1169 5293 seu

216 5416 250 5477 8)
264 5419 411 5484 exustum]
434 5422 485 5497 ¹3⁰?
499 5414 574 5473 lars.
596 5388 625 5476 'n
645 5412 677 5478 1.'
690 5410 848 5486 meatum
884 5421 911 5473 ln
938 5388 1081 5501 subgeqqc
1118 5436 1169 5474 ex·

251 5488 469 5551 bulon=;,·.·-'
573 5526 579 5541 .
627 5524 657 5547 .,

1216 1907 1416 1977 Luctuosae
1442 1928 1616 1996 personae
1637 1907 1803 1998 syrmatis
1827 1906 2039 1975 incedebant
2060 1908 2106 1975 ob
2129 1930 2201 1976 sce-

1217 2009 1334 2077 nicam
1362 2008 1559 2087 luxuriam;
1598 2010 1660 2077 sed
1691 2009 1734 2076 de
1764 2007 1914 2076 vestium
1946 2020 2075 2077 ornatu
2097 2008 2201 2099 plura

1216 2110 1357 2180 Pollux.
1429 2109 1564 2179 Aulaea
1597 2109 1634 2176 in
1669 2132 1772 2178 scena
1808 2105 1909 2178 humi
1940 2110 2201 2191 sternebantur,

1218 2214 1315 2304 quod
1343 2211 1459 2302 pictus
1485 2223 1633 2280 ornatus
1658 2222 1735 2278 erat
1757 2233 1799 2279 ex
1824 2209 1974 2278 Attalica
2005 2211 2101 2301 regia
2130 2210 2203 2279 lto-

1218 2336 1313 2381 mam
1334 2336 1448 2403 usque
1473 2312 1651 2401 perlatus,
1692 2335 1760 2402 pro
1791 2312 1919 2404 quibus
1947 2313 2077 2402 siparia
2106 2326 2202 2381 aetas

1217 2415 1395 2504 posterior
1413 2413 1558 2503 accepit.
1610 2412 1799 2480 Sciendum
1817 2413 1922 2481 etiam
1939 2411 2111 2503 Thespim
2130 2412 2203 2503 pri-

1217 2540 1316 2584 mum
1334 2513 1466 2602 tragica
1484 2525 1649 2601 poemata
1668 2513 1835 2602 plaustris
1862 2515 2014 2597 vexisse,
2048 2511 2204 2582 homini-

1217 2618 1283 2687 bus
1306 2639 1369 2683 ora
1392 2613 1548 2683 faecibus
1571 2615 1762 2703 perunctis.
1815 2615 1881 2684 Sed
1899 2616 2049 2687 Roscius
2066 2616 2203 2700 Gallus,

1217 2717 1430 2809 praecipuus
1456 2711 1602 2796 histrio,
1633 2717 1770 2805 primus
1794 2719 1969 2807 parasitos
1995 2718 2141 2788 deduxit
2166 2718 2203 2785 in

1218 2843 1379 2898 scenam;
1418 2812 1613 2907 Aeschylus
1635 2842 1721 2886 vero
1745 2840 1938 2908 personae,
1972 2822 2109 2910 pallae,
2144 2803 2202 2886 eo·

1218 2918 1343 2991 thurni
1360 2933 1395 2990 et
1409 2920 1503 2991 socci
1516 2931 1679 3009 repertor
1695 2915 1838 2989 habitus
1853 2932 1915 2989 est.

1555 3085 1616 3155 De
1650 3088 1863 3158 canticis.

1322 3224 1467 3293 Cantica
1486 3239 1569 3294 sunt
1584 3222 1816 3308 hannoniae,
1850 3249 1941 3319 quae
1958 3249 2033 3293 non
2049 3248 2068 3292 a
2086 3237 2205 3316 poeta,

1219 3328 1322 3397 seda
1346 3327 1502 3395 musicae
1527 3328 1613 3396 artis
1637 3328 1753 3419 perito
1777 3328 2090 3418 temperabantur,
2132 3351 2204 3395 nun

1219 3430 1365 3510 iisdem,
1392 3429 1571 3518 sedsaepe
1595 3430 1741 3499 mutatis
1764 3431 1902 3512 modis,
1934 3441 1974 3497 ut
1994 3429 2205 3518 significant,

1220 3531 1282 3622 qui
1307 3541 1379 3598 tres
1400 3552 1570 3597 numeros
1593 3531 1629 3597 iu
1652 3531 1845 3600 comoediis
1860 3543 2012 3621 ponunt.
2062 3530 2203 3599 Nomen

1220 3645 1338 3701 autern
1356 3629 1393 3697 in
1407 3629 1585 3721 principio
1601 3631 1761 3713 fabulae,
1788 3645 1823 3699 et
1837 3630 2032 3721 scriptoris,
2058 3644 2094 3701 et
2109 3644 2204 3699 acto-

1220 3732 1270 3803 ris
1287 3731 1506 3801 carminibus
1531 3732 1576 3798 ad
1597 3732 1703 3801 tibias
1719 3733 1820 3802 factis
1836 3732 2139 3822 pronuntiabant,
2165 3745 2205 3801 ut

1220 3834 1372 3903 disceret
1386 3846 1468 3901 ante
1486 3833 1659 3923 populus,
1686 3856 1793 3926 quam
1816 3834 1974 3902 fabulam
1998 3833 2111 3901 acturi
2132 3857 2204 3903 sce·

1221 3935 1291 4005 nici
1310 3947 1434 4006 essent.
1488 3933 1634 4004 Cantica
1650 3937 1688 4003 in
1706 3935 1901 4006 comoediis
1916 3934 2101 4025 tripliciter
2125 3958 2206 4025 age·

1220 4040 1373 4120 bantur,
1425 4035 1520 4106 tibiis
1558 4036 1691 4106 scilicet
1725 4038 1870 4127 paribus
1908 4037 1964 4105 vcl
1996 4036 2206 4128 imparibus,

1221 4142 1352 4210 dextris
1368 4151 1428 4207 aut
1444 4139 1616 4221 sinistris,
1645 4139 1698 4207 vel
1714 4139 1885 4234 utrisque.
1937 4139 2046 4209 Pares
2063 4140 2120 4207 vel
2139 4139 2206 4206 im-

1221 4265 1326 4333 pares
1343 4241 1450 4308 tibiae
1465 4241 1503 4309 in
1519 4265 1585 4310 usu
1605 4254 1727 4324 erant,
1760 4243 1878 4334 quod,
1913 4242 1942 4312 si
1966 4244 2111 4335 quando
2128 4266 2205 4309 mo·

1221 4343 1331 4412 nodio
1351 4345 1522 4433 agebant,
1547 4366 1657 4412 unam
1675 4343 1800 4411 tibiam
1819 4342 2009 4425 inflabant,
2040 4344 2070 4413 si
2093 4366 2206 4436 quan-

1221 4448 1268 4514 do
1284 4444 1448 4537 synodio,
1465 4459 1665 4538 utramque.
1707 4444 1862 4515 Dextrae
1877 4446 1933 4513 vel
1948 4447 2125 4528 sinistrae,
2142 4455 2205 4513 aut

1221 4548 1378 4617 Seranae
1402 4547 1510 4615 tibiae
1533 4547 1570 4614 in
1597 4572 1663 4617 usu
1687 4559 1801 4617 erant.
1858 4546 1951 4618 Nam
1976 4550 2119 4617 dextrae
2141 4570 2205 4615 sua

1223 4650 1395 4740 gravitate
1418 4649 1544 4718 seriem
1571 4648 1884 4742 conditionemque
1905 4648 2205 4740 pronuntiabant3

1222 4752 1386 4822 sinistrae
1409 4764 1528 4820 autem
1556 4763 1590 4819 et
1606 4750 1762 4820 Seranae
1787 4750 1961 4821 acuminis
1983 4751 2126 4821 levitate
2154 4750 2206 4817 io·

1223 4878 1302 4925 cum
1317 4853 1355 4921 in
1374 4853 1558 4922 comoedia
1574 4855 1825 4932 ostendebant;
1856 4865 2049 4946 utraeque,
2081 4855 2206 4921 dextra

1221 4955 1353 5027 scilicet
1368 4967 1403 5023 et
1419 4954 1582 5039 sinistra,
1609 4955 1738 5025 mixtos
1753 4955 1850 5025 iocos
1866 4968 1900 5024 et
1914 4955 2125 5044 gravitatem
2150 4976 2207 5021 ex-

1220 5057 1436 5148 primebant.

1537 5224 1886 5294 Descena.

1324 5363 1434 5433 Scena
1456 5373 1508 5429 est
1524 5360 1772 5429 umbraculum
1800 5386 1841 5429 ex
1865 5361 2052 5430 arboribus
2078 5357 2208 5428 consti·

1146 5524 1150 5541 .
1221 5476 1356 5547 tutum,
1384 5487 1401 5531 a
1421 5461 1562 5532 rusticis
1578 5462 1679 5555 prius
1696 5462 1973 5535 inumbrationis
1988 5485 2090 5532 causa
2109 5483 2208 5528 com-
