4762 6008
281 297 354 369 ost
2238 292 2315 366 382

281 470 353 538 tius
369 467 475 536 scribi
492 464 657 533 voluerit.
708 463 847 530 Deinde
863 485 928 552 per
943 459 1170 528 reiectionem
1187 483 1270 550 pro·
1324 456 1454 554 neem),
1482 483 1561 526 cum
1585 461 1723 527 confert
1746 482 1849 528 suum
1873 481 2002 549 poema
2028 460 2194 551 myricis,
2222 490 2314 558 quae

281 570 398 662 ponit,
423 594 459 638 se
478 563 702 634 inBucolicis
717 557 835 632 tamen
853 551 1141 653 praedicaturum
1160 561 1270 653 ipsius
1321 573 1405 629 sunt
1428 556 1580 630 humiles
1602 574 1637 629 et
1657 573 1895 651 contemptae.
1960 558 2044 630 ldeo
2069 563 2150 667 plus
2171 569 2312 656 gratiae

283 673 415 742 laudes.
468 669 596 737 Postea
615 676 892 735 commemorata
913 664 1098 732 occasione
1124 665 1269 733 cantile-
1322 662 1428 730 estin
1446 663 1655 746 collatione,
1682 664 1764 757 quia
1781 664 1889 732 nimis
1910 688 2040 754 magna
2068 678 2316 742 est-extenua·

282 799 350 843 nae
365 766 511 838 inchoat
531 793 609 836 eam
632 791 652 835 a
677 767 855 835 creatione
878 767 1025 847 mundi,
1059 766 1122 835 ubi
1143 767 1270 835 recitat
1321 764 1393 847 tio,
1419 789 1485 834 nec
1502 790 1630 857 poema
1647 767 1826 835 mediocre
1843 779 1916 833 tam
1935 767 2005 835 vile
2021 768 2244 857 ducendum,
2271 789 2316 846 ut

281 876 456 943 mundum
474 883 509 938 et
523 871 727 940 universam
752 882 919 939 naturam
943 868 1098 938 extitisse
1121 892 1204 940 casu
1227 892 1269 937 ex
1319 867 1436 936 simile
1452 867 1597 959 myricis
1615 868 1773 950 dicatur,
1807 870 1869 936 sed
1892 869 2014 939 addita
2037 884 2091 941 cst
2117 877 2312 948 correctio:

281 976 422 1044 atomis.
463 972 636 1066 Reliquae
650 973 791 1042 fabulae
808 996 850 1041 cx
867 986 992 1042 autore
1007 982 1150 1063 patent,
1176 996 1268 1065 quae
1324 975 1370 1039 Te
1387 994 1502 1040 nemus
1519 995 1615 1041 omne
1629 983 1737 1042 eom.
1789 969 1836 1039 lli
1850 971 1926 1038 ludi
1941 973 2069 1042 decent
2083 974 2122 1043 in
2136 978 2324 1066 carmine,-

761 331 765 338 ·
855 288 977 362 PHlL.
1013 287 1124 358 MEL·
1158 283 1361 358 SCRIPTA
1395 282 1730 356 PHILOLOGICA.

280 1078 337 1146 vel
353 1080 398 1145 ad
411 1072 578 1145 historias
595 1077 651 1143 vel
666 1077 711 1143 ad
729 1098 867 1158 mores,
901 1087 964 1143 aut
986 1099 1193 1144 communes
1216 1074 1268 1139 vi-

281 1193 338 1250 tae
355 1203 455 1249 casus
470 1177 596 1246 referri
612 1192 772 1267 possunt.
824 1177 1012 1247 Caeterum
1031 1179 1153 1246 ferunt
1170 1176 1268 1246 Cice-

281 1306 407 1351 ronem
438 1279 545 1362 olim,
586 1303 665 1348 cum
698 1282 790 1348 forte
822 1278 1038 1349 interfuisset
1066 1279 1267 1348 recitationi

280 1380 386 1454 huius
400 1382 554 1473 Eclogae
568 1381 606 1448 in
623 1378 784 1464 theatro,
808 1395 844 1450 et
858 1382 1166 1452 animadvertisset
1188 1406 1265 1450 eam

279 1509 508 1578 nequaquam
536 1508 609 1553 esse
630 1484 785 1574 vulgaris
810 1483 963 1574 ingenii,
1004 1486 1053 1553 ita
1076 1484 1182 1554 fuisse
1206 1487 1267 1552 ad-

280 1590 449 1657 miratum
468 1587 636 1656 carminis
654 1584 878 1676 elegantiam,
897 1600 938 1655 ut
955 1589 999 1655 de
1018 1600 1143 1656 autore
1159 1611 1267 1682 quae-

279 1691 392 1773 sierit,
408 1702 443 1758 et
459 1690 497 1756 in
512 1713 613 1758 suam
628 1701 664 1756 et
677 1702 804 1778 poetae
820 1688 963 1757 laudem
979 1688 1085 1757 dixit:
1113 1689 1266 1779 Magnae

280 1817 359 1883 spes
382 1793 494 1860 altera
522 1790 729 1883 Romaess).
797 1788 915 1882 Quam
950 1815 1073 1860 vocem
1095 1791 1267 1883 Virgilius

280 1906 401 1984 postca
420 1896 464 1962 ad
480 1892 672 1962 Ascanium
692 1892 728 1959 in
745 1891 903 1961 Aeneide
914 1889 963 1988 74)
980 1894 1112 1964 retulit.

584 2098 717 2168 Aliud
742 2096 956 2167 eiusdem.

384 2231 534 2302 Generis
552 2244 605 2300 est
618 2231 902 2302 demonstrativi.
938 2231 1126 2301 Caeterum
1135 2230 1265 2320 Ecloga

282 2338 321 2404 in
334 2334 424 2403 Vari
442 2334 614 2424 gratiam,
649 2359 754 2428 quem
778 2334 975 2426 plurimum
1000 2335 1170 2424 diligebat
1186 2333 1266 2400 Vir-

281 2438 406 2530 gilius,
434 2449 575 2528 apoeta
595 2437 794 2528 conscripta
811 2449 881 2521 est,
916 2438 973 2506 cui
997 2437 1125 2505 deinde
1148 2460 1266 2505 emen-

281 2542 483 2609 dandorum
516 2539 660 2630 Virgilii
691 2540 891 2609 carminum
919 2540 964 2608 ab
992 2541 1152 2630 Augusto
1181 2561 1265 2605 cura

280 2644 495 2712 demandata
526 2642 604 2711 fuit.
669 2642 785 2710 Porro
810 2667 884 2711 non
908 2656 960 2713 est
979 2641 1139 2711 Bucolici
1163 2663 1268 2731 argu·

280 2745 404 2814 menti.
455 2744 548 2813 Nam
563 2743 741 2835 principio
759 2768 879 2813 rerum
896 2744 1071 2835 originem
1088 2755 1122 2812 et
1144 2767 1268 2813 causas

197 2834 200 2839 ¹
280 2846 467 2930 describit,
507 2861 629 2940 estque
654 2843 712 2915 hic
736 2846 835 2916 locus
865 2859 961 2916 totus
986 2841 1267 2937 philosophicus.

279 2947 420 3018 Deinde
437 2948 553 3017 obiter
569 2948 687 3017 varias
703 2948 859 3018 Graecas
874 2943 1042 3017 historias
1068 2972 1109 3015 ac
1129 2947 1268 3016 fabulas

280 3052 407 3120 ordine
422 3051 560 3119 recitat.
611 3050 800 3118 Postremo
818 3051 941 3117 laudat
952 3049 1097 3118 Gallum
1110 3062 1268 3141 poetam,

281 3153 339 3221 cui
362 3163 483 3218 tamen
502 3152 583 3218 loco
607 3174 731 3220 rursus
754 3154 926 3243 quasdam
950 3151 1094 3220 subiicit
1118 3152 1267 3221 fabulas.

279 3252 414 3322 Putant
431 3264 548 3319 aretem
566 3247 626 3318 hic
638 3253 790 3320 describi
807 3253 1066 3343 Epicureorum
1088 3267 1220 3323 sectam
1247 3278 1266 3320 a

179 3426 183 3433 ,
279 3353 451 3441 Virgilio,
479 3376 586 3444 quam
610 3353 685 3442 ipse
712 3368 746 3421 et
756 3355 873 3424 Varus
897 3357 1070 3448 aSyrone
1098 3358 1268 3449 quodam,

280 3480 388 3549 quem
410 3451 468 3522 hic
488 3455 648 3523 Silenum
669 3456 789 3547 angit,
823 3458 998 3527 didicerat
1021 3455 1206 3526 Chromim
1234 3472 1268 3526 et

279 3558 484 3649 Mnasylum
504 3580 577 3627 esse
593 3554 784 3648 Virgilium
810 3572 845 3628 et
858 3560 1007 3630 Varum.
1068 3559 1203 3630 Verum
1230 3561 1267 3627 in

281 3660 431 3730 exordio
455 3659 561 3742 dicit,
597 3685 634 3729 se
659 3663 702 3729 de
726 3658 931 3746 Theocriti,
965 3688 1071 3754 quem
1096 3663 1267 3745 imitetur,

172 3852 174 3859 Ι
280 3761 508 3852 simplicitate
522 3765 705 3845 recedere;
730 3776 765 3831 et
779 3765 893 3833 utitur
909 3766 1135 3837 excusatione
1146 3792 1265 3835 rerum

280 3877 318 3932 et
332 3876 536 3954 temporum
553 3890 721 3949 suorum,
747 3866 786 3934 in
810 3868 939 3961 quibus
964 3868 1023 3937 illa
1040 3865 1265 3941 Theocritica

278 3965 487 4056 simplicitas
504 3967 637 4060 ubique
655 3969 840 4039 observari
853 3994 929 4039 non
943 3971 1074 4060 potuit.

586 4165 725 4236 Aliud
750 4168 983 4238 eiusdem..

378 4298 536 4367 Maxime
553 4301 734 4397 decente)
745 4302 784 4370 in
800 4298 867 4371 hac
883 4302 1107 4396 tenuifignra
1122 4330 1267 4396 poema-

279 4414 357 4471 tum
374 4414 491 4492 gestus
513 4404 726 4490 familiares,
762 4407 891 4500 quibus
914 4409 1016 4503 quasi
1037 4408 1105 4500 ipsi
1122 4435 1189 4480 nos
1213 4411 1266 4480 in·

278 4505 510 4597 terpellamus
525 4519 560 4574 et
571 4504 877 4599 reprehendimus.
921 4509 1005 4580 ldeo
1014 4512 1184 4605 Virgilius
1199 4504 1267 4582 ini-

277 4608 332 4677 tio
359 4608 427 4692 ait,
454 4634 490 4679 se
514 4610 726 4681 scribentem
749 4608 892 4683 heroica
909 4615 1172 4708 interpellatum
1192 4643 1265 4687 esse

280 4711 327 4779 ab
342 4709 528 4802 Apolline,
556 4728 591 4785 et
604 4729 810 4787 revocatum
829 4720 875 4786 ad
889 4718 1069 4790 Bucolica.
1121 4719 1184 4789 Est
1204 4745 1266 4791 au-
1336 4757 1344 4771 ·

276 4825 352 4881 tem
369 4817 558 4887 bellissima
578 4821 794 4905 extenuatio,
822 4825 918 4916 quod
935 4823 1003 4891 ait:
1032 4823 1126 4917 (Vss.
1138 4825 1185 4892 10
1195 4824 1264 4918 sq.)

280 5088 326 5101 -e
339 5094 351 5101 u
363 5095 416 5103 --.ιο
438 5098 451 5105 ι,
459 5097 486 5105 ι-

315 5195 363 5256 73)
384 5200 441 5249 tloc
465 5202 563 5254 dictum
591 5221 656 5258 esse
682 5211 825 5263 Ciceronis
844 5193 961 5264 'tradunt
985 5213 1099 5266 Servius
1126 5218 1161 5267 ad
1185 5217 1262 5281 virg.

349 5268 407 5316 Ecl.
421 5270 469 5333 vt,
490 5275 529 5320 11.
550 5278 577 5322 et
595 5278 721 5329 nortatus
739 5283 767 5330 tn
787 5284 844 5334 vita
862 5285 941 5350 Virg.
961 5298 983 5335 c.
998 5285 1047 5351 xl,
1067 5287 1109 5335 11.

313 5367 363 5433 71)
383 5368 462 5432 vlrg.
481 5375 548 5426 Aen.
563 5377 625 5442 xtl,
645 5381 702 5432 168.

313 5467 363 5532 75)
381 5471 494 5541 decent]
514 5476 555 5527 sic
573 5479 658 5535 editt.
677 5481 769 5550 1668„
789 5484 882 5553 1697.)
904 5492 954 5542 Ed.
970 5493 1046 5547 tato.
1068 5495 1174 5548 docont-

284 4919 320 4984 Τ
769 4931 778 4947 ·
1289 4859 1395 4967 *Deo
1415 4867 1539 4956 opifice
1561 4871 1665 4954 dicit,
1700 4868 1839 4941 abhoc

313 4931 505 5008 claustrae,
545 4926 650 5008 Vere,
686 4949 854 5014 myrteoe,
888 4931 935 4996 Te
955 4951 1071 4999 nemus
1093 4953 1189 4999 omne
1207 4953 1292 5055 ere-p

1320 1084 1354 1139 et
1385 1075 1522 1140 addunt
1547 1086 1705 1154 motum,
1757 1085 1792 1139 et
1820 1076 2006 1144 continent
2032 1075 2309 1169 significationes

1319 1175 1496 1257 eruditas,
1525 1188 1559 1244 et
1575 1176 1612 1243 in
1628 1176 1816 1244 scribendo
1841 1177 1944 1247 nobis
1965 1179 2083 1249 danda
2110 1194 2163 1250 est
2182 1206 2306 1273 opera,

1318 1289 1359 1344 ut
1376 1277 1508 1346 similes
1525 1292 1641 1368 gestus
1658 1278 1907 1368 excogitemus.
1959 1279 2052 1349 Tota
2069 1296 2191 1353 autem
2203 1283 2307 1356 Erlo-

1319 1403 1361 1468 ga
1379 1381 1541 1448 narratio
1558 1394 1610 1450 est
1626 1382 1670 1448 de
1685 1395 1789 1472 capto
1807 1381 1948 1464 Sileno,
1975 1386 2069 1452 etde
2093 1388 2170 1457 eius
2189 1383 2306 1478 philo-

1318 1478 1443 1572 sophia
1461 1508 1523 1553 seu
1538 1483 1725 1575 sapientia.
1775 1483 1848 1552 Aut
1864 1484 1942 1553 risit
1955 1485 2127 1577 Virgilius
2147 1487 2306 1581 philoso-

1319 1579 1428 1675 phos,
1478 1597 1541 1654 aut
1572 1586 1687 1655 voluit
1715 1584 1914 1673 significare
1947 1588 2107 1681 aliquam
2136 1605 2305 1683 oportere

1317 1682 1583 1777 philosophiam
1619 1713 1711 1771 esse,
1752 1682 1916 1773 horest,
1958 1693 2177 1776 doctrinam,
2210 1719 2305 1788 quae

1318 1789 1421 1857 initia
1451 1813 1572 1859 rerum
1607 1804 1642 1859 et
1664 1804 1831 1860 naturam
1857 1793 2074 1878 consideret,
2106 1807 2141 1864 et
2162 1808 2305 1887 tempo-

1318 1916 1398 1960 rum
1415 1892 1542 1960 seriem
1560 1907 1594 1961 et
1608 1893 1702 1961 vitae
1718 1894 1831 1962 officia
1849 1909 2034 1990 monstret,
2059 1897 2149 1966 sicut
2164 1921 2203 1966 re
2220 1899 2304 1988 ipsa

1318 2018 1442 2063 verum
1475 2008 1545 2079 est,
1586 1997 1706 2086 generi
1740 1993 1900 2067 humano
1929 2023 2068 2090 semper
2098 2000 2207 2068 talem
2235 2001 2303 2069 ali-

1318 2120 1428 2188 quam
1446 2098 1646 2166 doctrinam
1673 2100 1907 2169 necessariam
1931 2126 2023 2185 esse,
2056 2113 2092 2170 et
2113 2113 2198 2172 tunc
2223 2126 2303 2172 non

1319 2211 1459 2268 tantum
1482 2200 1639 2282 Romae,
1684 2205 1745 2271 sed
1777 2202 1883 2271 etiam
1914 2202 1952 2271 in
1973 2203 2125 2275 Graecia
2151 2205 2302 2296 plurimi

1318 2301 1624 2391 amplectebantur
1645 2302 1792 2394 Epicuri
1817 2307 2038 2390 doctrinam,
2079 2310 2178 2400 quod
2201 2308 2301 2377 vide-

1316 2403 1425 2472 batur
1440 2405 1591 2475 nimium
1609 2403 1740 2476 habere
1762 2408 1966 2479 subtilitatis
1986 2423 2049 2480 aut
2074 2411 2301 2480 difficultatis.

1317 2501 1441 2599 ltaque
1457 2532 1537 2576 cum
1554 2509 1689 2601 aliquid
1704 2534 1746 2579 ex
1759 2506 1988 2603 philosophia
2014 2513 2222 2584 recitaturus
2246 2536 2302 2582 es-

1318 2620 1371 2679 set
1385 2622 1512 2699 poeta,
1540 2610 1636 2679 illam
1652 2608 1800 2702 Epicuri
1815 2615 2015 2683 doctrinam
2037 2616 2200 2686 attribuit
2214 2615 2302 2685 Sile-

1319 2733 1387 2790 no,
1413 2712 1475 2802 qui
1493 2714 1639 2802 fingitur
1652 2715 1759 2784 fuisse
1775 2715 1914 2786 iocosus
1927 2741 2052 2799 senex,
2079 2714 2214 2789 Bacchi
2236 2740 2304 2787 nu-

1319 2811 1443 2895 tritor,
1485 2817 1758 2888 transformatus
1780 2817 1818 2884 in
1839 2817 2009 2888 Silenum.
2075 2818 2153 2888 Etsi
2178 2817 2304 2889 aute'm

1320 2914 1575 3004 appellationes
1592 2920 1629 2986 in
1646 2919 1714 2990 illis
1730 2919 1971 2991 vetustissimis
1992 2919 2120 2989 fabulis
2138 2932 2173 2989 et
2186 2914 2307 2989 histo-

1319 3017 1381 3085 riis
1394 3041 1497 3109 saepe
1523 3045 1608 3091 casu
1631 3022 1784 3106 oblitae,
1817 3036 1946 3112 postea,
1963 3025 2035 3092 late
2055 3024 2305 3092 celebrantur:

1319 3131 1440 3187 tamen
1467 3137 1617 3215 apparet
1640 3150 1773 3194 nomen
1795 3126 1907 3195 Sileni
1938 3152 1959 3195 a
1991 3127 2228 3196 torcularibus
2251 3127 2306 3192 fa-

1320 3233 1415 3289 ctum
1440 3248 1525 3295 esse.
1577 3226 1669 3296 Nam
1689 3225 1850 3321 lnvch)
1874 3241 1927 3298 est
1948 3229 2122 3314 torcular,
2155 3241 2192 3297 et
2215 3227 2307 3297 Sile·

1318 3348 1386 3393 nus
1403 3327 1651 3417 autsignificat
1674 3330 1790 3414 idem,
1824 3334 1922 3424 quod
1944 3334 2107 3426 quatiens
2133 3331 2306 3413 torcular,

1320 3438 1382 3493 aut
1398 3427 1513 3511 idem,
1539 3434 1636 3521 quod
1652 3432 1748 3502 Deus
1773 3434 1973 3505 torcularis.
2031 3434 2100 3504 Sed
2122 3433 2160 3502 in
2187 3434 2306 3504 omni·

1319 3528 1386 3596 bus
1418 3529 1546 3600 iocosis
1580 3535 1877 3627 descriptionibus
1910 3538 2085 3627 significat
2117 3531 2307 3605 hominem

1320 3631 1496 3722 voluptati
1512 3635 1691 3722 deditum,
1719 3653 1889 3708 ettamen
1904 3639 2127 3729 ingeniosum
2148 3650 2185 3708 et
2208 3639 2307 3707 face·

1320 3744 1414 3817 tum,
1458 3749 1498 3804 ut
1520 3752 1603 3808 sunt
1625 3740 1662 3807 in
1684 3742 1773 3812 aulis
1794 3743 2016 3838 parasiti⁷⁸),
2058 3742 2120 3835 qui
2150 3739 2305 3832 ingeniis

1320 3838 1546 3911 antecellunt.
1610 3841 1670 3912 Fit
1700 3845 1808 3934 igitur
1835 3857 1950 3914 totum
1981 3869 2112 3936 poema
2142 3845 2306 3915 festivius

1319 3940 1490 4023 translata
1506 3946 1713 4014 narratione
1730 3947 1767 4014 in
1782 3948 1888 4017 talem
1905 3972 2115 4039 personam,
2148 3948 2250 4017 cuius
2267 3947 2306 4016 in

1319 4045 1545 4130 poematibus
1564 4050 1686 4117 crebra
1703 4050 1837 4120 mentio
1856 4065 1926 4133 est,
1960 4064 1995 4120 et
2015 4052 2185 4120 laudatur
2208 4049 2303 4119 festi-

1320 4142 1409 4215 vius.
1478 4149 1575 4239 Quid
1600 4151 1710 4239 igitur
1730 4149 1787 4222 hic
1808 4152 1927 4221 canit?
1987 4153 2152 4221 Primum
2179 4164 2306 4220 narrat

1320 4243 1482 4332 initium,
1508 4254 1568 4320 sed
1577 4251 1723 4343 Epicuri
1740 4280 1860 4337 more,
1883 4255 1969 4323 dicit
1983 4254 2202 4325 concurrisse
2220 4277 2307 4345 par·

1319 4360 1389 4430 tes,
1415 4363 1450 4418 et
1464 4347 1532 4419 hoc
1550 4351 1791 4441 pulcherrimo
1813 4358 1939 4426 ordine
1964 4352 2305 4427 unammachinam

1318 4462 1437 4517 natam
1456 4464 1491 4520 et
1506 4454 1730 4541 distinctam,
1756 4458 1861 4542 coeli,
1887 4460 2070 4530 stellarum
2093 4473 2127 4529 et
2146 4458 2307 4527 elemen-

1319 4564 1459 4637 torum,
1501 4581 1592 4649 quae
1620 4559 1665 4629 sit
1695 4561 1792 4631 velut
1819 4563 2041 4632 domicilium
2071 4560 2205 4653 generis
2234 4557 2307 4630 hu-

1318 4657 1428 4727 mani.
1480 4660 1631 4731 Prodest
1648 4678 1766 4733 autem
1783 4665 1938 4756 cogitare
1956 4667 2075 4760 aliqua
2092 4689 2216 4734 rerum
2235 4665 2308 4733 ini·

1318 4768 1380 4827 tra.
1432 4762 1500 4831 Sed
1515 4758 1574 4833 hic
1589 4766 1727 4838 Silenus
1741 4768 1935 4859 Epicurum
1961 4794 2113 4862 sequens
2139 4765 2235 4837 nihil
2262 4770 2306 4836 de

1863 4871 1973 4940 ordiri
1997 4897 2079 4941 eum
2101 4872 2306 4964 oportebat.

1351 5148 1401 5217 76)
1420 5147 1516 5217 canet]
1536 5148 1578 5201 sle
1594 5151 1619 5202 b.
1633 5150 1653 5201 l.
1672 5152 1700 5200 et
1717 5149 1746 5201 ln
1764 5164 1839 5215 seqq.
1858 5152 1942 5203 Edltt.
1957 5152 2048 5217 1568„
2068 5151 2145 5204 11197.
2166 5150 2215 5218 (=
2225 5150 2307 5216 virg.

1388 5221 1448 5272 Ect.
1464 5221 1512 5286 vt,
1533 5220 1572 5270 11.
1592 5219 1634 5272 ed.
1654 5221 1824 5286 Wagner.];
1854 5222 1993 5274 11111565.
2011 5224 2103 5274 canit.

1352 5319 1403 5388 77)
1421 5317 1516 5383 ληνός]
1534 5322 1575 5372 sic
1592 5324 1674 5376 editt,
1688 5325 1780 5389 ¹568„
1801 5324 1896 5386 159³.;
1913 5325 1963 5376 Ed.
1979 5325 2053 5375 1565.
2073 5324 2162 5375 male:
2185 5322 2271 5380 νίνος.

1351 5424 1401 5483 re)
1418 5424 1550 5543 patirum
1569 5425 1822 5494 irenaeusne,
1842 5428 1933 5493 xeea.;
1964 5427 2016 5482 ea.
2031 5426 2107 5482 rece.
2126 5426 2235 5492 auraque
2252 5436 2308 5490 p·-

1383 5504 1441 5543 l'ssfll
1465 5530 1472 5546 ·
