4762 6008
60 347 135 425 tos
470 339 624 414 LXXXI.
684 338 1083 414 INTERPRETATIO
1116 334 1449 410 OLYMPIORUM
1480 330 1690 409 PlNDth.
2025 332 2098 403 tat

55 530 111 588 tes
135 513 320 606 decipiunt
340 512 482 584 fabulae
506 514 701 584 fabricatae
724 513 930 586 mendaciis.
983 511 1052 584 Cu·
1105 521 1222 592 retur,
1248 509 1383 600 gloriae
1401 507 1549 600 expers?
1598 506 1676 598 Ego
1699 518 1882 577 certamen
1898 505 2100 597 aggredior,

56 620 120 711 pio
136 641 261 688 verum
278 639 494 688 sermonem.
521 614 615 710 (Str.
627 617 683 714 2.)
709 617 778 688 Sed
796 617 935 701 Gratia,
960 639 1052 710 quae
1105 623 1144 682 tu
1167 612 1339 704 praebeto
1362 624 1503 704 gratum
1527 622 1706 680 eventum.
1767 609 1825 679 Sic
1845 606 1935 678 dixit
1955 607 2098 700 Pelops,

55 722 142 792 facit
158 719 279 792 omnia
294 720 448 789 iucunda
466 714 693 804 hominibus,
728 723 843 793 adfert
862 716 1052 802 honorem,
1104 737 1169 784 nec
1184 714 1285 784 irrita
1302 715 1370 785 fuit
1384 713 1528 807 petitio,
1551 737 1592 782 ac
1607 710 1905 783 laetificansDeus
1914 710 2099 802 Pelopem,

56 823 212 907 etfacit,
237 835 279 893 ut
299 822 490 892 credantur
509 822 744 894 incredibilia.
801 823 869 894 Sed
891 823 1051 892 futurum
1104 818 1204 886 dedit
1233 818 1267 886 ei
1295 842 1440 888 currum
1471 840 1621 886 aureum
1666 827 1701 884 et
1742 815 1936 887 indefessos
1975 834 2098 908 equoe.

55 938 199 1018 tempus
213 924 341 1015 retegit
363 925 561 994 mendacia.
612 924 724 994 Decet
748 938 866 996 autem
887 921 1052 995 homines
1105 918 1196 1014 (Str.
1220 919 1274 1016 4.)
1311 919 1415 1012 Cepit
1446 918 1556 1010 igitur
1589 918 1747 988 validum
1778 917 2028 1002 Oenomaum,
2063 928 2099 986 et

54 1029 102 1098 de
118 1026 197 1099 Diis
211 1022 360 1097 honesta
377 1026 506 1098 dicere.
559 1026 721 1121 Minor')
744 1028 839 1098 enim
861 1028 964 1119 culpa
989 1040 1052 1099 est.
1104 1023 1278 1114 virginem
1296 1024 1502 1114 coniugem,
1527 1045 1619 1116 quae
1637 1021 1777 1114 peperit
1790 1045 1850 1091 sex
1866 1019 1975 1105 lilios,
1999 1018 2099 1113 prin-

53 1128 126 1200 Fili
141 1128 306 1212 Tantali,
333 1152 399 1220 ego
417 1140 451 1198 te
467 1128 623 1199 laudabo
644 1130 748 1200 aliter
769 1156 878 1225 quam
900 1131 1051 1222 priores.
1104 1125 1199 1217 cipes
1215 1125 1384 1195 virtutem
1401 1137 1577 1196 curantes.
1628 1123 1733 1196 Nunc
1757 1124 1850 1194 inter
1869 1123 2026 1216 sepultos
2047 1121 2099 1191 ia·

54 1232 212 1327 Quando
233 1231 376 1301 vocavit
396 1229 494 1301 Deos
518 1243 622 1322 pater
643 1234 689 1301 ad
712 1233 889 1325 legitimas
918 1233 1057 1325 epulas,
1105 1241 1179 1312 cet,
1213 1230 1260 1296 ad
1281 1224 1483 1321 Alpheum,
1517 1229 1613 1319 apud
1638 1250 1738 1296 aram
1761 1227 2099 1322 frequentissimam,

54 1347 93 1404 et
112 1336 159 1405 ad
184 1332 366 1428 Sipylum,
407 1346 448 1402 ut
469 1333 622 1405 vicissim
646 1336 748 1405 daret
778 1335 856 1408 Diis
882 1359 1051 1405 coenam:
1104 1342 1140 1399 et
1172 1329 1325 1422 adspicit
1359 1331 1599 1401 celebritatem
1627 1328 1900 1423 Olympicorum
1936 1328 2100 1401 certami-

52 1449 141 1508 tunc
156 1435 365 1527 Neptunum
383 1433 485 1529 (dat.
496 1437 551 1531 2.)
566 1437 742 1508 desiderio
761 1439 814 1509 tui
827 1439 1053 1531 flagrantem,
1104 1456 1213 1518 num,
1238 1432 1301 1502 ubi
1315 1434 1484 1505 velocitas
1500 1435 1632 1524 pedum
1649 1443 1784 1515 certat,
1811 1446 1846 1503 et
1868 1433 1972 1524 vigor
1991 1434 2099 1504 robo-

53 1538 115 1609 aio
135 1550 169 1608 te
183 1538 343 1629 rapuisse
358 1538 396 1605 in
410 1562 519 1609 aureo
536 1563 663 1623 curru,
695 1543 742 1610 ad
763 1565 942 1614 summam
960 1538 1052 1613 lovis
1103 1535 1165 1607 ris.
1215 1534 1341 1605 Victor
1355 1551 1475 1608 autem
1492 1548 1615 1626 postea
1632 1534 1672 1603 in
1686 1533 1822 1604 mellita
1840 1534 2098 1630 tranquillitate

53 1643 225 1723 domum,
253 1663 326 1733 quo
343 1653 378 1710 et
397 1653 521 1731 postea
537 1642 766 1735 Ganymedes
790 1645 888 1715 venit
903 1640 980 1713 lovi
1006 1644 1053 1712 ad
1104 1637 1214 1722 vivit,
1245 1638 1346 1732 (aar.
1363 1638 1417 1735 4.)
1443 1651 1593 1732 propter
1617 1637 1788 1707 victoriae
1809 1638 1981 1729 praemia.
2041 1637 2099 1708 ste

52 1745 150 1814 idem
166 1741 416 1812 ministerium.
468 1743 666 1840 Postquam
691 1771 778 1816 vero
803 1769 878 1817 non
905 1769 1052 1838 conspe·
1103 1764 1244 1832 semper
1258 1741 1297 1811 id
1311 1744 1447 1812 bonum
1464 1766 1644 1814 summum
1660 1740 1809 1824 dicitnr,
1836 1743 1934 1836 quod
1955 1740 2018 1810 illo
2040 1740 2099 1811 die

53 1858 131 1917 ctus
148 1869 205 1929 es,
231 1867 296 1913 nec
314 1856 349 1913 te
369 1847 415 1914 ad
430 1858 581 1916 matrem
598 1848 907 1934 reduxeruntilli,
932 1848 994 1943 qui
1016 1860 1051 1919 te
1104 1843 1297 1934 1011ῑὶ11311,
1343 1870 1415 1940 quo
1443 1848 1598 1917 fructum
1630 1843 1847 1936 percipimus
1873 1843 2099 1936 superiorum

54 1947 326 2044 quaesiverunt,
352 1947 442 2018 dixit
457 1947 587 2044 aliquis
600 1950 690 2020 clam
708 1976 750 2023 ex
766 1951 898 2023 invidis
913 1950 1052 2037 vicinis,
1103 1945 1283 2019 laborum'.

54 2052 153 2147 qnod
175 2049 213 2120 in
234 2073 326 2144 aqua
348 2050 509 2120 fervente
534 2052 654 2144 gladio
679 2056 840 2125 membra
868 2053 1051 2125 dissecuis·
1205 2048 1266 2120 Me
1299 2073 1385 2119 vero
1420 2073 1594 2120 coronare
1627 2050 1799 2121 victorem
1834 2051 1989 2144 equestri
2022 2050 2099 2142 lege

51 2167 149 2238 sent,
176 2164 212 2225 et
228 2152 267 2221 in
282 2151 414 2224 mensis
432 2153 589 2226 minutas
604 2181 728 2230 carnes
750 2171 829 2230 tuas
852 2156 1052 2230 distribuis·
1103 2151 1252 2223 Aeolico
1278 2150 1437 2221 carmine
1460 2165 1614 2244 oportet.
1675 2152 1826 2224 Confido
1844 2151 1960 2238 enim,
1984 2153 2104 2224 nemi«

55 2269 135 2327 seut
154 2267 189 2325 et
204 2255 451 2327 comedissent.
1103 2277 1186 2322 nem
1208 2280 1313 2348 posse
1337 2279 1396 2325 me
1417 2255 1567 2326 laudare
1592 2256 1703 2327 alium
1727 2256 1842 2347 magis
1869 2257 2098 2327 excellentem

156 2357 238 2454 (lip-
253 2358 308 2455 Ξ.)
333 2353 427 2426 Mihi
442 2381 529 2426 vero
545 2357 739 2428 absurdum
758 2372 828 2443 est,
855 2360 973 2430 dicere
988 2360 1053 2427 ali·
1103 2356 1250 2427 seientia
1281 2352 1511 2429 honestarum
1541 2382 1663 2429 rerum
1699 2372 1736 2430 et
1764 2358 1926 2452 potentia
1959 2383 2098 2443 eorum,

53 2484 162 2559 quem
177 2458 340 2529 Deorum
357 2482 431 2528 csse
446 2453 657 2539 beluonem,
691 2460 776 2553 quia
798 2462 971 2530 damnum
995 2484 1053 2528 co·
1105 2457 1169 2549 qui
1183 2481 1280 2527 nunc
1295 2472 1398 2542 sunt,
1423 2485 1531 2554 quam
1547 2461 1755 2532 Hieronem.

53 2564 206 2634 mitatur
223 2557 349 2628 crebro
366 2558 571 2629 maledicos.
624 2559 661 2629 Si
676 2585 781 2657 quem
798 2556 1053 2632 hominemDii
1206 2557 1454 2644 Deuscustos‚
1480 2586 1695 2636 conservans
1720 2577 1818 2635 tuam
1841 2563 2014 2655 gloriam,
2039 2587 2098 2634 cu-

53 2662 348 2742 honoraverunt,
370 2656 709 2734 luithic'l'antalus.
745 2661 814 2734 Sed
830 2689 1053 2760 concoquere
1104 2671 1162 2729 rat
1176 2671 1257 2732 tuas
1270 2662 1539 2734 sollicitudines.
1590 2666 1659 2736 llic
1674 2668 1702 2738 si
1717 2692 1775 2736 me
1798 2691 1873 2737 non
1898 2666 1968 2737 cito
1993 2665 2098 2737 desti-

52 2789 225 2858 magnam
252 2761 455 2832 felicitatem
479 2786 554 2832 non
579 2765 708 2857 potuit.
775 2766 969 2837 saturitate
996 2790 1052 2836 ac·
1104 2774 1201 2848 tuet,
1226 2789 1332 2857 spero
1347 2789 1404 2835 me
1425 2764 1578 2835 dulciori
1601 2766 1682 2860 (Ep.
1699 2766 1752 2863 4.)
1772 2768 1932 2838 carmine
1953 2782 1988 2840 te
2011 2770 2099 2838 cele·

58 2869 152 2961 cepit
169 2887 340 2955 magnum
363 2867 557 2949 damnum,
587 2877 628 2935 ut
650 2865 786 2960 lupiter
807 2869 839 2938 ei
863 2894 971 2961 supra
997 2893 1053 2939 ca·
1104 2866 1293 2937 braturum
1312 2891 1406 2950 esse,
1433 2892 1514 2939 cum
1536 2866 1576 2937 in
1603 2893 1710 2941 curru
1733 2869 1839 2939 celeri
1864 2872 2028 2940 accedam
2054 2868 2101 2938 ad

57 2983 123 3065 put
137 2966 362 3060 suspenderit
383 2968 561 3060 lapidem,
594 2994 701 3064 quem
726 2994 868 3063 semper
893 2973 1053 3063 cogitans
1104 2962 1199 3040 lovis
1215 2971 1408 3063 templum,
1434 2969 1579 3041 inventa
1600 2972 1763 3042 materia.
1814 2967 1907 3041 Mihi
1923 2972 2026 3044 Musa
2049 2985 2100 3040 te·

58 3074 287 3164 delapsurum
322 3094 396 3141 esse
429 3071 467 3139 iu
499 3084 627 3165 caput,
676 3073 820 3143 aberrat
849 3099 869 3142 a
905 3074 1053 3145 laetitia.
1105 3071 1179 3141 lum
1197 3074 1345 3165 praebet
1360 3071 1632 3147 validissimum.
1682 3074 1755 3146 Alii
1774 3074 1852 3145 aliis
1868 3074 2121 3146 rebusexcel··

58 3170 214 3269 (strab.)
234 3170 352 3242 Habet
366 3186 485 3243 autem
501 3175 668 3244 miseram
684 3176 795 3244 vitam
812 3189 846 3245 et
863 3198 1054 3247 aerumno-
1105 3173 1195 3244 lunt.
1248 3176 1436 3248 Summum
1450 3199 1540 3246 vero
1554 3178 1661 3248 decus
1677 3189 1729 3248 ert
1754 3200 1891 3268 regum.
1949 3175 2003 3250 Ne
2025 3201 2101 3246 ma-

59 3300 155 3361 sam,
187 3298 265 3346 cum
288 3275 404 3347 tribus
427 3290 595 3371 quartum
619 3278 798 3348 laborem:
836 3303 915 3348 cnm
932 3276 1054 3350 lxione
1106 3276 1184 3346 iora
1213 3291 1374 3370 appetas.
1426 3278 1622 3371 Contingat
1645 3279 1711 3348 tibi
1734 3279 1772 3348 in
1791 3291 1866 3348 tota
1892 3278 1964 3349 vita
1989 3282 2100 3350 excel·

58 3377 234 3473 implicito
258 3390 377 3462 rotae,
415 3402 496 3449 cum
520 3380 649 3475 Tityo,
686 3380 749 3476 qui
772 3380 915 3453 roditur
937 3407 956 3451 a
977 3382 1055 3453 vul·
1106 3379 1197 3461 lere;
1223 3377 1313 3451 mihi
1329 3406 1437 3468 vero,
1460 3382 1673 3452 familiarem
1692 3406 1765 3454 esse
1779 3380 1992 3465 victoribus,
2018 3406 2100 3451 con-

59 3496 158 3565 ture,
184 3481 434 3578 quodfuratus
448 3481 547 3554 dedit
568 3484 777 3578 aequalibus
799 3485 872 3557 suis
895 3485 1056 3556 convivis
1106 3483 1230 3573 spicuo
1246 3508 1312 3576 per
1326 3485 1516 3557 Graeciam
1533 3498 1682 3578 propter
1699 3484 1922 3577 sapientiam.

60 3596 183 3656 nectar
213 3597 249 3654 et
276 3585 515 3670 ambrosiam,
553 3586 746 3682 inquibus
771 3588 877 3659 rebus
901 3587 963 3657 Dii
989 3587 1055 3658 im-

62 3686 317 3757 mortalitatem
333 3701 542 3779 posuerunt.
1519 3680 1611 3763 Ode
1633 3682 1687 3763 ll.

164 3788 202 3858 si
218 3788 298 3881 quis
315 3787 447 3860 faciens
463 3791 596 3874 scelus,
619 3804 723 3883 putat
744 3791 780 3860 id
798 3788 915 3860 Deum
933 3788 1057 3871 latire,

62 3902 170 3963 errat.
221 3887 306 3957 ldeo
322 3886 384 3956 Dii
401 3893 616 3962 remiserunt
630 3893 801 3987 Pelopem
820 3896 866 3961 ad
880 3887 1058 3973 homines,

65 3994 117 4066 eui
153 3987 200 4058 ad
227 3987 414 4058 florentem
440 4003 612 4075 aetatem,
647 4018 727 4063 cum
752 3993 884 4085 lanugo
914 3992 1057 4084 nigrum
1211 3979 1306 4074 (sa.
1323 3979 1374 4076 1.)
1401 3978 1536 4073 llymni
1553 3993 1742 4071 regnantes
1754 3978 1793 4048 in
1814 3975 1968 4065 cithara,
1993 4005 2102 4076 quern

63 4097 94 4166 ei
118 4103 284 4163 mentum
314 4094 530 4178 coronabat,
569 4095 708 4165 curavit
732 4107 878 4189 paratas
903 4094 1059 4187 nuptias,
1111 4079 1481 4177 l¹²¹⁰1¹¹¹¹³⁰lq⁰²m
1504 4080 1622 4153 Virum
1646 4082 1968 4174 inlemssflblfflu’i
2019 4084 2102 4156 Plu

65 4198 165 4290 (Ant.
195 4194 248 4289 3.)
290 4206 330 4263 ut
371 4190 519 4266 haberet
559 4196 730 4292 inclytam
765 4196 1060 4292 Hippodamiam,
1110 4185 1256 4280 quidem
1271 4180 1385 4265 larisa
1410 4184 1640 4279 Olympicum
1653 4210 1741 4255 vero
1755 4198 1936 4256 certamen
1950 4185 2104 4259 instituit
2149 4216 2157 4233 ⁹

64 4300 174 4370 liliam
192 4296 392 4381 Oenomai,
416 4299 509 4390 regis
524 4296 641 4371 Pisae.
693 4299 812 4372 Noctu
827 4315 946 4371 autem
964 4298 1060 4370 solus
1111 4286 1831 4380 311111181Ρ1ἷ111ἱῦ113104ῑοωῐῦ59114·
1882 4289 1951 4359 Sed
1965 4285 2104 4361 Th‘m·

67 4403 113 4472 ad
127 4424 228 4471 maro
244 4401 432 4484 accedens,
457 4401 610 4472 vocabat
626 4401 856 4495 Neptunum,
891 4403 954 4498 qui
976 4426 1062 4472 mox
1113 4415 1195 4461 111111
1211 4391 1515 4483 10111111101111
1538 4392 1724 4460 Victoriam
1749 4413 1939 4476 curruum,
1970 4392 2102 4464 imum

67 4502 237 4598 apparuit
262 4504 307 4576 ei.
375 4501 477 4574 Dixit
506 4517 624 4575 autem
648 4504 798 4599 Pelops:
842 4506 880 4577 Si
905 4506 969 4575 tibi
992 4499 1062 4573 hoc
1113 4492 1312 4587 h⁰⁸pllem2
1337 4518 1483 4565 111111111ῐὶ
1502 4492 1707 4584 Ᾱὸῐῑεθῐὶῑῑ,
1738 4490 1914 4563 ¹¹0bffi¹¹¹¹¹
1937 4493 2107 4587 Ρῐθὸθῐῑῑ·

68 4605 273 4697 coniugium
308 4606 453 4699 placet,
502 4606 677 4700 impedias
709 4604 848 4680 hastam
883 4606 1062 4678 Oenomai
1115 4610 1235 4669 10111111
1259 4596 1406 4682 11011111,
1445 4608 1621 4666 “⁰¹⁰er
1644 4595 1805 4667 urbium:
1848 4592 2106 4691 (Anr.1.)qui

68 4731 237 4791 umam,
259 4732 390 4804 meque
407 4709 444 4777 {n
461 4733 568 4780 curru
589 4709 776 4780 celerrimo
799 4713 908 4780 ducas
931 4714 977 4781 ad
993 4708 1063 4779 He.
1115 4699 1364 4794 progenliol'ess
1378 4700 1562 4788 desailgilil
1578 4710 1798 4792 occuparunt
1811 4720 1948 4766 Sacram
1967 4698 2105 4778 urbem,

66 4812 189 4892 liden,
221 4821 256 4877 et
277 4809 365 4880 mihi
387 4813 472 4882 datto
495 4812 703 4897 victoriam,
736 4826 927 4908 postquam
949 4814 1064 4882 trede-
1115 4805 1247 4874 dlttaur
1274 4802 1429 4874 alluvio
1450 4803 1662 4893 Acragante.
1728 4800 1775 4870 Et
1797 4800 1944 4868 fuerunt
1965 4798 2105 4869 Siciliae

69 4915 139 4983 dm
170 4910 288 5003 procia
317 4914 530 5000 interfecti„
570 4915 691 4986 differt
719 4916 874 5009 nuptias,
908 4911 988 5012 (Bp,
1011 4915 1065 5012 3.)
1116 4907 1258 4990 oculus,
1284 4930 1374 5001 quos
1390 4907 1571 4975 fortunata
1589 4915 1685 4974 aetas
1708 4901 1868 4981 ornavit,
1903 4901 1991 4971 dans
2015 4898 2107 4970 diri-

12 5078 17 5087 .
70 5014 142 5089 lies
157 5013 357 5108 periculosa
374 5019 532 5109 postulat
547 5020 663 5090 virum
681 5043 757 5090 non
773 5019 953 5089 timidum.
1116 5010 1185 5082 tias
1200 5023 1235 5080 et
1250 5010 1411 5079 favorem
1428 5032 1508 5077 eum
1526 5007 1646 5076 1111111
1665 5004 1807 5073 virtute·

176 5115 266 5188 Cum
292 5131 411 5190 autem
437 5121 598 5215 alioquin
623 5146 763 5194 necesse
787 5122 833 5193 sit
855 5120 970 5203 mori,
1002 5142 1066 5189 cur
1218 5112 1253 5183 0
1273 5112 1426 5205 iupiter,
1464 5108 1526 5202 ‘1¹¹5
1550 5108 1708 5199 P⁰⁸⁸ld⁰⁸
1727 5103 1876 5198 Olympi
1897 5104 2037 5188 sedem,
2073 5117 2111 5175 ‘l

75 5220 202 5317 aliquis
215 5223 395 5293 sedensin
411 5224 587 5305 tenebris,
617 5225 766 5296 obscura
787 5236 927 5296 senecta
950 5245 1067 5291 mace·
1117 5216 1353 5287 certaminum
1383 5211 1572 5293 verticem,
1612 5222 1648 5280 et
1677 5210 1811 5280 flumen
1835 5202 2034 5301 Alpheum,
2075 5218 2112 5276 et

1089 5308 1303 5409 lclelectaris
1336 5312 1574 5397 carminibus,
1617 5314 1771 5405 benigne
1800 5312 1954 5405 patriam
1984 5319 2110 5383 curato

1258 3858 1262 3873 ·
1299 3820 1492 3899 Therone·
1515 3831 1741 3919 Agrigentino
1768 3823 1920 3926 ἅρματι.

107 5424 139 5482 1)
156 5424 264 5485 tttuor]
281 5424 325 5477 ste
342 5426 395 5476 tto.
408 5424 483 5477 tm.
508 5428 537 5476 et
554 5423 682 5477 ttoectctstt
708 5423 922 5488 interpretatto,
951 5434 1021 5487 quae
1039 5421 1068 5472 tn
1118 5424 1200 5515 (sp,
1220 5420 1272 5518 1.)
1287 5417 1449 5513 posteri„
1501 5415 1605 5509 Quae
1619 5440 1706 5487 vem
1720 5417 1812 5485 fam
1830 5427 1914 5487 gum
1935 5438 1999 5485 geu
2020 5413 2110 5483 ium

141 5493 629 5628 wffifffilffifm·
644 5495 677 5548 ¹¹·
694 5494 779 5545 Μ’
791 5494 823 5544 ¹¹·
847 5508 873 5558 Ρ·
885 5492 920 5544 ²⁹
932 5504 992 5555 Μ’
1016 5502 1067 5541 ⁰¹⁸
1090 5554 1097 5618 ι
1118 5548 1181 5595 seu
1196 5525 1339 5605 iniuste,
1365 5517 1452 5592 lraec
1466 5531 1618 5613 ternpus,
1633 5520 1796 5591 omnium
1811 5531 1924 5611 pater,
1940 5538 2013 5586 uon
2030 5536 2112 5606 pos·

81 5639 258 5710 limare.
281 5646 391 5713 Orus.
415 5644 500 5709 Vos..
521 5643 612 5710 xlx.
1554 5622 1602 5693 ts
