4762 6008
553 299 741 374 cxxvm
798 238 1090 373 arenauno
1123 299 1507 377 sauruurnauu
1541 304 1848 387 rnaoeutnts.

171 301 246 385 169
2143 318 2220 395 110

273 472 352 543 Vss.
370 473 472 546 1145
488 498 542 569 sq.
578 467 704 566 Ἀλλ’]
736 470 810 542 lam
834 473 978 545 subiicit
996 496 1169 563 paraene·
1324 473 1402 548 Vss.
1428 474 1524 549 1151
1542 504 1596 575 sq.
1629 474 1701 577 Μή
1723 466 1832 584 nors]
1865 484 1951 557 Non
1972 482 2083 559 simus
2108 488 2219 560 etiam

171 577 247 661 sin,
289 575 326 644 id
347 590 419 659 est,
462 572 750 645 adhortationem
785 578 830 644 ad
863 575 1032 668 pietatem
1062 579 1168 646 etad
1220 573 1328 649 nimis
1343 579 1559 672 suspicaces,
1586 607 1651 652 nec
1667 599 1805 681 ueteres
1819 587 1956 660 amicos
1979 600 2115 660 temere
2138 615 2218 662 mu-

171 703 292 774 spem,
316 676 409 751 sicut
422 676 586 750 Psalmus
600 676 737 773 inquit:
763 678 922 748 Fortiter
936 702 1001 770 age
1017 689 1053 749 et
1068 702 1168 770 spem
1220 691 1356 764 temus,
1382 696 1531 776 propter
1545 685 1718 756 incertam
1736 690 1986 763 mutationem.
2037 691 2085 763 Et
2107 717 2128 762 a
2151 693 2219 764 bo·

170 782 209 850 in
224 780 343 851 Deum
366 805 412 850 ne
436 781 602 867 abiicias,
635 782 673 850 id
696 793 769 866 est,
800 781 848 852 sis
870 780 958 850 forti
981 793 1016 852 et
1035 805 1168 875 magno
1220 781 1276 852 nis
1293 781 1446 876 ingeniis
1461 786 1566 879 longe
1584 791 1705 861 abesse
1719 793 1824 862 debet
1837 794 2006 885 suspicio.
2064 794 2115 865 Et
2130 796 2219 867 alio·

171 884 318 966 animo,
343 883 419 957 noli
434 907 602 976 peccare,
628 908 727 977 spem
745 883 879 966 retine,
906 896 1008 954 utut
1029 908 1087 954 res
1113 908 1168 953 ce·
1221 883 1284 979 qui
1300 885 1479 958 amicitiae
1493 902 1628 962 veteres
1651 896 1861 984 probandae
1882 909 1986 980 sunt,
2014 897 2106 969 sicut
2127 898 2220 971 anti-
2292 930 2298 935 ·

172 984 338 1071 ciderint.
387 983 513 1057 Donec
537 986 715 1082 quispiam
743 985 834 1057 vivit
855 999 891 1056 et
912 987 1026 1057 cernit
1044 986 1168 1057 lumen
1222 1010 1291 1082 qua
1310 989 1446 1060 nobilia
1464 993 1560 1076 vina,
1586 994 1700 1090 iisque
1714 998 1895 1070 interdum
1911 999 2049 1095 aliquid
2065 1013 2117 1072 est
2133 1026 2219 1072 con-

171 1089 276 1173 solis,
316 1088 475 1159 susineat
497 1100 770 1180 perseveranter
800 1113 920 1180 spem,
959 1089 1018 1181 pie
1048 1114 1168 1187 agens.
1221 1091 1442 1165 donandum.
1492 1093 1658 1168 Vivimus
1672 1101 1768 1170 enim
1784 1125 1860 1171 non
1882 1113 1922 1171 ut
1944 1103 2038 1172 inter
2059 1105 2218 1196 angelos,

171 1190 343 1284 Egregius
373 1193 569 1263 versiculus
599 1192 645 1261 de
671 1216 734 1283 spe
759 1202 794 1260 et
815 1192 910 1260 bona
934 1191 1167 1264 conscientia:
1220 1196 1281 1263 sed
1305 1208 1345 1264 ut
1370 1195 1464 1266 inter
1487 1193 1671 1287 homines,
1712 1205 1775 1275 ubi
1798 1205 1952 1275 multum
1974 1217 2027 1277 est
2051 1206 2217 1278 dissimu-

171 1294 263 1364 Nam
282 1294 378 1364 bona
397 1318 478 1393 spes
494 1293 686 1364 comitatur
700 1294 833 1364 bonam
852 1294 1118 1367 conscientiam.
1220 1295 1380 1369 landum.
2309 1291 2314 1301 ⁸

272 1404 463 1482 Vssgl145
478 1436 531 1505 eq,
557 1408 759 1506 Εὐχέσθω]
780 1410 829 1482 Et
844 1400 1169 1507 supplic'etD20‚ee
1324 1399 1378 1471 Ne
1408 1424 1568 1496 unquam
1595 1405 1779 1500 relinquas
1800 1421 2026 1500 praesentem
2048 1412 2218 1498 amicum,

166 1525 256 1584 urat
273 1512 458 1604 splendida
473 1516 631 1598 femora,
658 1515 694 1584 id
713 1527 784 1599 est,
809 1515 1091 1603 facsacraDeo,
1113 1538 1170 1587 sa·
1222 1513 1285 1571 ³¹¹1
1311 1527 1442 1598 quaere
1466 1505 1597 1592 allum,
1631 1512 1778 1580 credens
1805 1510 1922 1581 verbis
1943 1510 2076 1585 levium
2099 1509 2218 1584 homi·

170 1615 290 1685 critica
315 1626 352 1684 et
371 1616 530 1708 supplica
552 1614 644 1687 Deo.
702 1615 754 1686 Et
777 1619 952 1690 sacrificet
971 1619 1111 1711 primae
1135 1628 1170 1687 et
1221 1600 1345 1703 num,]
1381 1605 1514 1692 idest,
1550 1633 1596 1678 ¹¹⁸
1619 1613 1810 1703 patefacias
1832 1637 1936 1685 aures
1964 1614 2219 1685 calumniatori

170 1716 319 1789 ultimae
335 1741 377 1787 ex
389 1717 487 1801 Diis,
512 1743 642 1812 nempe
654 1718 757 1812 Spei,
783 1721 822 1791 id
839 1734 909 1806 est,
934 1746 1077 1814 semper
1091 1733 1171 1793 oret
1221 1719 1384 1778 velerum
1401 1711 1613 1807 amicorum.
1645 1712 1789 1807 Δειλοὶ,
1814 1715 1906 1807 bdle,
1931 1712 2065 1811 baillole
2080 1719 2190 1793 deute.

170 1817 288 1889 Deum
307 1843 375 1910 pro
388 1820 559 1912 patientia
578 1836 613 1891 et
627 1847 695 1914 pro
712 1847 774 1914 spe
791 1824 830 1891 in
845 1825 994 1896 summis
1008 1838 1044 1895 et
1058 1823 1170 1894 maxi·
1324 1825 1403 1900 Vas.
1429 1826 1528 1901 1153
1542 1856 1595 1925 sq.
1635 1831 1724 1933 Εἴη]
1757 1833 1812 1905 De
1837 1838 2058 1907 moderanda
2081 1836 2218 1929 cupidi·

170 1922 240 2005 mis
258 1921 539 2010 calamitatibus,
565 1949 605 1994 ea
622 1950 701 2017 spes
717 1924 755 1995 in
772 1922 840 1998 hae
864 1927 1070 2000 calamitosa
1095 1927 1168 1996 vita
1223 1939 1306 1999 tate.
1358 1924 1573 2029 Ubicunque
1588 1949 1839 2029 suntmagnae
1861 1952 1897 2011 et
1919 1939 2097 2011 violentae
2119 1938 2218 2031 cupi-

170 2026 288 2097 bonos
304 2038 489 2099 sustentat.
1222 2031 1372 2120 ditates,
1398 2033 1449 2104 ibi
1469 2037 1634 2108 horinon
1651 2053 1788 2130 potest,
1815 2043 1904 2138 quin
1923 2055 2121 2136 sequantur
2141 2066 2218 2111 ma·

275 2143 335 2217 Vs,
362 2143 472 2217 1147,
518 2141 754 2245 Φραζέσθω]
792 2148 902 2220 Aliud
930 2162 1166 2244 praecepium
1222 2136 1285 2228 gni
1306 2149 1342 2205 et
1362 2137 1481 2209 tristes
1494 2164 1606 2212 casus.
1657 2142 1830 2235 Borgias,
1851 2146 1948 2241 ¹filius
1963 2144 2218 2239 Pontificis¹⁷),

171 2251 219 2343 dg
242 2250 433 2341 prudentia
457 2248 498 2319 in
519 2251 699 2335 cavendo,
739 2263 781 2321 ut
810 2252 964 2327 vitemus
992 2255 1108 2324 malos
1135 2263 1172 2322 et
1222 2239 1452 2310 scribebatin
1467 2241 1539 2314 suis
1555 2243 1692 2316 vexillis
1707 2244 1868 2319 ltalicum
1888 2244 2117 2341 rhythmum:
2143 2246 2218 2316 Aut

170 2353 431 2425 fraudulentos.
482 2351 577 2421 Nam
599 2351 663 2444 qui
679 2365 778 2421 amat
791 2353 1013 2444 periculum,
1038 2355 1171 2446 peribit
1224 2340 1355 2412 Caesar
1383 2357 1447 2413 aut
1473 2342 1577 2418 nihil.
1645 2348 1803 2443 Quando
1834 2350 1963 2446 aliquis
1984 2351 2092 2419 talem
2115 2373 2217 2442 spem

172 2455 213 2526 i„
228 2455 305 2527 1110,
1224 2444 1407 2533 concepit,
1443 2460 1476 2515 et
1501 2449 1560 2518 illa
1586 2453 1762 2543 cupiditas
1785 2467 1908 2546 postea
1930 2453 2073 2535 crescit,
2105 2451 2221 2522 multa

276 2555 489 2626 consideret
506 2554 749 2649 unusquisque
766 2554 952 2649 obliquum
968 2573 1172 2626 sermonem
1223 2555 1339 2612 tentat
1352 2566 1418 2634 per
1434 2548 1507 2617 vim
1531 2565 1594 2620 aut
1613 2552 1796 2640 fraudem.
1832 2557 1961 2651 qulbus
1983 2553 2052 2626 sibl
2074 2555 2221 2624 landem

172 2672 212 2729 et
229 2653 414 2755 infidum]
437 2656 617 2729 Pindarus
632 2659 772 2729 cuidam
790 2653 953 2729 heroicas
967 2658 1090 2728 laudes
1109 2656 1172 2726 tri-
1224 2644 1464 2717 calamitatem
1497 2649 1657 2728 attrahit.
1724 2657 1789 2730 Est
1820 2659 1929 2752 igitur
1962 2655 2021 2728 hic
2056 2657 2221 2728 additum

169 2765 308 2843 bueus,
341 2760 428 2829 dicit
450 2783 531 2828 eum
555 2761 661 2833 fuisse
684 2755 806 2856 ardet
830 2753 1172 2859 madytwooovw),
1223 2761 1455 2841 praeceptum
1475 2752 1519 2825 de
1540 2754 1663 2829 nimiis
1679 2762 1933 2851 cupiditatibus
1954 2759 2151 2831 frenandis.
2198 2750 2202 2757 ’

172 2862 212 2934 id
226 2874 298 2946 est,
326 2863 389 2956 qni
405 2858 514 2931 habet
530 2861 692 2956 linguam
713 2876 848 2933 rectam
870 2863 909 2931 in
928 2863 1113 2956 loquendo
1137 2874 1173 2931 et
1326 2851 1477 2923 Utinam
1510 2881 1651 2950 possem
1679 2863 1800 2932 vivere
1832 2887 1953 2934 secure
1984 2875 2020 2931 et
2049 2863 2219 2933 ditescere

175 2965 416 3048 consulendo,
452 2965 579 3058 quiex
600 2967 744 3050 animo,
779 2989 871 3061 quae
893 2968 1021 3050 sentit,
1054 2964 1172 3060 loqui.
1224 2955 1359 3048 absque
1376 2958 1471 3030 curis
1493 2973 1529 3029 et
1544 2960 1684 3061 malis]
1716 2965 1785 3035 Sed
1810 2989 1909 3038 sacra
1933 2964 2110 3055 scriptura
2135 2963 2223 3032 dicit

174 3083 254 3152 tur,
274 3091 349 3137 non
363 3067 479 3140 utitur
492 3068 611 3165 aliqua
631 3069 805 3142 insidiosa
826 3069 1081 3162 perplexitate,
1107 3092 1173 3138 nee
1220 3055 1332 3129 talem
1355 3082 1454 3151 spem
1481 3086 1555 3133 esse
1580 3064 1769 3138 lubricam.
1834 3066 1883 3138 Et
1905 3066 2124 3157 Augustinus
2150 3065 2220 3134 ait:

177 3184 230 3244 est
245 3170 391 3264 iugenio
411 3172 584 3257 subdolo,
616 3174 739 3256 vafro,
769 3172 942 3244 insidioso
967 3183 1003 3241 et
1025 3171 1173 3242 insidia·
1224 3159 1297 3229 Ubi
1318 3162 1417 3232 nulla
1445 3177 1498 3236 0⁸¹
1517 3190 1624 3252 ΒΜ,
1663 3169 1714 3238 ibi
1744 3165 1884 3240 h³bll³l
1917 3168 1969 3239 1ῐὸ
1988 3166 2070 3238 Del·
2130 3165 2222 3239 Cum

176 3273 269 3345 trici.
319 3273 419 3345 Sicut
434 3270 648 3348 Theocritus
661 3279 704 3347 de
726 3275 892 3368 cupidine
910 3273 1048 3369 inquit,
1074 3277 1173 3370 quod
1225 3263 1321 3334 enlm
1346 3264 1543 3361 aliquando
1565 3287 1714 3362 peregre
1734 3271 2018 3364 proficisceretur
2042 3296 2123 3342 cum
2149 3269 2223 3342 suis

175 3372 309 3449 haheat
322 3377 530 3450 insidiosam
550 3392 706 3466 mentem
725 3392 760 3449 el
780 3379 951 3450 blandam
976 3379 1173 3472 loquelam,
1224 3367 1395 3463 iratribus
1411 3371 1652 3463 Augustinus,
1684 3387 1718 3445 ei
1733 3375 1935 3447 divertisset
1944 3373 1987 3469 1111
2010 3374 2222 3466 splendidis·

175 3473 290 3553 κακαὶ
310 3477 442 3577 φρένες
463 3476 538 3556 &dd
561 3477 718 3577 λάλημα.
770 3483 877 3558 mam
893 3502 971 3558 man
988 3482 1090 3557 einim
1106 3499 1173 3557 uon
1224 3469 1352 3541 simam
1368 3474 1516 3545 domum
1535 3475 1719 3547 cuiusdam
1736 3478 1870 3562 divitis,
1890 3475 2105 3548 renitentem
2121 3473 2222 3548 omni
2301 3507 2304 3514 ·

176 3582 296 3678 guigan
310 3584 401 3678 1191,
427 3590 490 3662 aaa
505 3585 603 3661 taum
616 3586 760 3683 &latam
774 3591 880 3662 atqua
896 3590 1037 3660 metum,
1225 3573 1328 3668 copia
1344 3587 1379 3644 et
1391 3575 1497 3661 luxu,
1522 3577 1598 3671 ipse
1612 3592 1653 3649 ut
1666 3580 1722 3650 vir
1742 3593 1885 3651 sanctus
1909 3581 2028 3671 coepit
2051 3604 2131 3650 enm
2156 3573 2223 3647 ho-

278 3703 541 3800 Vm114gsq,
586 3705 634 3780 Οἳ
652 3702 777 3804 θεῶν]
803 3706 877 3797 Qui
892 3701 985 3774 „ihu
1006 3724 1174 3773 mem,
1225 3677 1315 3769 spite
1330 3699 1397 3747 suo
1409 3679 1455 3746 de
1472 3678 1594 3748 multis
1606 3682 1713 3751 rebus
1730 3682 1956 3752 familiariter
1978 3679 2154 3774 colloqui,
2187 3691 2223 3749 et

176 3819 229 3881 tes
248 3804 368 3876 Deum
398 3832 538 3900 semper
565 3804 702 3877 habent
722 3808 977 3899 cogitationem
998 3806 1174 3875 intentam

172 3910 217 3981 in
241 3908 396 3976 alienam
418 3909 679 3999 possessionem
706 3921 742 3977 et
767 3907 904 4007 bona,]
937 3909 975 3977 id
1007 3920 1080 3989 est,
1119 3905 1175 3975 in·

172 4009 285 4083 hiant
304 4008 458 4079 aliorum
481 4011 587 4080 bonis
602 4022 638 4078 et
651 4009 784 4102 ubique
799 4023 944 4081 struunt
957 4010 1120 4078 fraudem
1140 4019 1176 4076 et

175 4112 340 4187 insidias.
393 4111 537 4182 Talium
554 4108 743 4181 hominum
760 4111 867 4183 minis
888 4111 1013 4182 fertilis
1034 4123 1086 4182 est
1105 4105 1176 4181 hoc

178 4229 342 4310 tempore
358 4228 568 4307 proventus.

280 4316 342 4390 Vs.
358 4314 468 4389 1150.
493 4318 739 4409 Adiunguntur
755 4316 849 4385 mala
868 4316 1034 4410 symbola¹
1053 4329 1089 4385 et
1111 4339 1176 4385 no·

179 4435 233 4494 tas
256 4421 329 4493 suis
351 4417 586 4519 malefactis,]
620 4421 752 4502 idest,
784 4420 823 4488 in
855 4421 956 4490 omni
986 4440 1175 4490 conversa-

179 4525 279 4597 tione
309 4538 345 4594 et
373 4537 560 4595 contractu
582 4525 706 4595 dolose
731 4536 767 4592 et
788 4523 958 4594 insidiose
977 4534 1107 4614 agunt,
1141 4533 1177 4591 et

178 4628 313 4724 ubique
331 4629 543 4723 relinquunt
563 4640 645 4719 post
664 4651 702 4698 se
724 4626 912 4696 foetorem.
972 4622 1069 4695 llaec
1092 4636 1177 4696 sunt

177 4731 358 4803 malitiosa
380 4745 415 4802 et
435 4729 651 4801 veteratoria
671 4730 835 4820 ingenia,
873 4728 1005 4800 similia
1032 4750 1176 4820 serpen-

180 4848 261 4904 tum
279 4836 428 4906 naturis.
479 4834 606 4904 Talem
625 4829 886 4904 Demosthenes
906 4830 1024 4923 pingit
1037 4830 1176 4906 Aristo-

179 4937 363 5030 gitonem,
402 4962 509 5032 quem
532 4938 621 5008 dicit
641 4935 830 5007 circumire
854 4959 921 5027 per
941 4936 1083 5020 forum,
1121 4934 1177 5007 ri·

178 5043 349 5113 brantem
380 5043 529 5112 caudam
554 5041 820 5135 serpentinam,
852 5037 910 5110 cui
933 5039 1059 5131 inligat
1077 5062 1177 5109 mor-

179 5169 260 5217 sum
283 5138 589 5237 sycophanticum.
639 5137 884 5238 Horatius¹‘):

318 5261 370 5313 llio
386 5261 468 5327 niger
485 5265 545 5327 est,
569 5264 639 5312 buno
655 5264 702 5326 tu,
725 5263 864 5326 Musae,
887 5260 995 5312 cereto.

184 5374 390 5388 ...σ-ἀ-ο

217 5452 263 5511 to)
280 5448 360 5500 Ptntl.
377 5449 459 5511 ryu.
476 5448 506 5514 2,
522 5448 564 5500 81.
583 5447 627 5502 ed.
644 5446 764 5502 Boeclrb.

217 5540 265 5600 11)
282 5538 382 5588 floret
401 5539 490 5590 serm.
507 5536 530 5601 1,
548 5537 576 5599 1,
591 5535 637 5603 ‚⁸⁶-

1226 3776 1321 3844 inter
1335 3778 1405 3845 alia
1421 3778 1619 3872 quaesivit,
1639 3806 1726 3850 num
1745 3785 1832 3877 quid
1848 3786 1885 3852 in
1902 3785 1975 3852 vita
1992 3784 2025 3852 ei
2039 3778 2224 3852 accidisset

1226 3876 1382 3948 adversi.
1432 3879 1542 3971 Quod
1557 3905 1637 3950 cnm
1657 3882 1717 3953 ille
1739 3897 1920 3977 negasset,
1954 3897 1989 3953 et
2012 3885 2223 3956 diuturnam

1227 4004 1328 4051 snam
1347 3979 1552 4052 felicitatem
1579 3983 1759 4058 iactasset:
1802 3988 1963 4081 Tempus
1993 4000 2064 4072 est,
2103 3986 2224 4082 inquit

1226 4082 1467 4174 Augustinus,
1492 4098 1534 4156 ut
1547 4081 1631 4157 hinc
1647 4089 1883 4162 discedamus.
1934 4088 2003 4160 Hic
2019 4090 2114 4162 enim
2140 4114 2223 4161 cum

1226 4187 1413 4258 saturitate
1444 4198 1479 4257 et
1509 4189 1612 4283 copia
1644 4194 1813 4266 securitas
1836 4189 1995 4278 habitat,
2036 4218 2145 4288 quam
2168 4193 2223 4263 ira

1226 4288 1297 4361 Dei
1314 4290 1506 4385 opprimet.
1558 4290 1721 4388 Cumque
1741 4297 1872 4389 egressi
1898 4299 2074 4367 essentia
2096 4296 2222 4379 altum,

1226 4393 1336 4486 paulo
1350 4405 1434 4485 post
1449 4393 1576 4463 oborta
1593 4408 1645 4467 est
1661 4409 1864 4490 tempestas,
1886 4411 1921 4467 et
1934 4401 2069 4470 fulmen
2082 4399 2222 4468 irruens

1228 4497 1376 4567 domum
1407 4496 1567 4566 incendit
1597 4511 1633 4567 et
1666 4502 1853 4572 dominum
1881 4501 1999 4593 ipsum
2034 4497 2221 4594 oppressit.

1227 4598 1286 4671 Sic
1307 4597 1428 4693 itaque
1449 4597 1487 4669 in
1507 4599 1610 4692 copia
1637 4626 1679 4673 ae
1694 4603 1883 4676 securitate
1899 4602 2067 4698 pulvinar
2082 4615 2118 4673 et
2131 4601 2222 4670 mol·
2319 4612 2324 4619 '

1227 4700 1271 4774 lis
1282 4695 1409 4772 thorus
1427 4715 1649 4776 constructus
1665 4719 1718 4778 est
1732 4705 1897 4777 Satanae.
1947 4705 2012 4778 Est
2026 4705 2135 4797 igitur
2151 4697 2222 4786 hoc

1227 4810 1352 4877 votum
1371 4805 1587 4878 conveniens
1601 4804 1742 4879 homini
1757 4805 1911 4880 ethnico.

1329 4922 1407 4996 Vss.
1426 4921 1523 4998 1155
1541 4953 1594 5021 sq.
1623 4924 1800 5026 Oeic’¹⁸)]
1828 4927 1902 4997 lam
1920 4924 2080 5021 sequitur
2099 4925 2221 4996 statim

1228 5027 1408 5098 contraria
1432 5030 1629 5112 sententia,
1668 5044 1709 5100 ut
1742 5043 1914 5122 appareat
1943 5025 2039 5100 huuc
2060 5028 2220 5100 libellum

1227 5156 1303 5202 non
1320 5155 1393 5216 esse
1406 5131 1513 5202 unius
1529 5131 1677 5202 autoris.

1266 5376 1436 5437 1710111111
1455 5375 1573 5439 norgia,
1598 5371 1770 5439 Cardlnetls,
1794 5374 1867 5425 ultus
1883 5374 2035 5425 Alexandri
2054 5376 2104 5428 Vl.
2120 5375 2220 5437 Papae.

1266 5464 1313 5524 18)
1334 5453 1417 5520 οὔτ’]
1442 5458 1484 5509 sle
1505 5459 1556 5510 111.
1572 5458 1647 5510 111611.
1674 5460 1703 5507 et
1720 5459 1840 5523 recogn.
1860 5460 1944 5514 Edttt.
1962 5461 2024 5512 tout
2038 5460 2150 5510 -1181,
2174 5460 2221 5508 at-

1297 5542 1350 5596 quc
1366 5528 1474 5592 1111115
1498 5528 1583 5579 tute
1600 5529 1736 5585 smack..
1753 5529 1858 5594 Balatu,
1881 5529 1984 5595 Bergk.
2002 5521 2067 5579 otu.
