<?xml version="1.0" encoding="UTF-8"?>
<!DOCTYPE html PUBLIC "-//W3C//DTD XHTML 1.0 Transitional//EN"
    "http://www.w3.org/TR/xhtml1/DTD/xhtml1-transitional.dtd">
<html xmlns="http://www.w3.org/1999/xhtml" xml:lang="en" lang="en">
 <head>
  <title>
</title>
<meta http-equiv="Content-Type" content="text/html;charset=utf-8" />
  <meta name='ocr-system' content='tesseract 3.04.00' />
  <meta name='ocr-capabilities' content='ocr_page ocr_carea ocr_par ocr_line ocrx_word'/>
</head>
<body>
  <div class='ocr_page' id='page_1' title='image "./philippimelanth03melagoog_0211.png"; bbox 0 0 4762 6008; ppageno 0'>
   <div class='ocr_carea' id='block_1_1' title="bbox 263 267 2302 354">
    <p class='ocr_par' dir='ltr' id='par_1_1' title="bbox 263 267 2302 354">
     <span class='ocr_line' id='line_1_1' title="bbox 263 267 2302 354; baseline 0.005 -12"><span class='ocrx_word' id='word_1_1' title='bbox 263 267 337 343; x_wconf 72' lang='lat'><strong>595</strong></span> <span class='ocrx_word' id='word_1_2' title='bbox 838 268 961 341; x_wconf 78' lang='lat' dir='ltr'><strong>Pittt..</strong></span> <span class='ocrx_word' id='word_1_3' title='bbox 995 270 1107 340; x_wconf 84' lang='lat' dir='ltr'><strong>MEL.</strong></span> <span class='ocrx_word' id='word_1_4' title='bbox 1143 268 1345 339; x_wconf 67' lang='lat' dir='ltr'><strong>scitii-’Ta</strong></span> <span class='ocrx_word' id='word_1_5' title='bbox 1376 272 1711 344; x_wconf 82' lang='lat' dir='ltr'><strong>PHILOLOGICA.</strong></span> <span class='ocrx_word' id='word_1_6' title='bbox 2227 280 2302 354; x_wconf 75' lang='lat'><strong>396</strong></span> 
     </span>
    </p>
   </div>
   <div class='ocr_carea' id='block_1_2' title="bbox 259 437 2302 3177">
    <p class='ocr_par' dir='ltr' id='par_1_2' title="bbox 259 437 2302 746">
     <span class='ocr_line' id='line_1_2' title="bbox 363 437 2302 578; baseline 0.006 -67"><span class='ocrx_word' id='word_1_7' title='bbox 363 441 424 511; x_wconf 99' lang='grc' dir='ltr'>νε.</span> <span class='ocrx_word' id='word_1_8' title='bbox 451 437 536 512; x_wconf 84' lang='grc'><strong>459.</strong></span> <span class='ocrx_word' id='word_1_9' title='bbox 573 444 699 526; x_wconf 74' lang='lat' dir='ltr'><strong>Quidam</strong></span> <span class='ocrx_word' id='word_1_10' title='bbox 726 445 816 529; x_wconf 82' lang='lat' dir='ltr'><strong>ipsa]</strong></span> <span class='ocrx_word' id='word_1_11' title='bbox 857 441 1054 509; x_wconf 88' lang='lat' dir='ltr'><strong>Commoda</strong></span> <span class='ocrx_word' id='word_1_12' title='bbox 1086 455 1285 578; x_wconf 57' lang='lat' dir='ltr'><strong>recenset!</strong></span> <span class='ocrx_word' id='word_1_13' title='bbox 1412 443 1471 513; x_wconf 90' lang='lat' dir='ltr'><strong>Vs.</strong></span> <span class='ocrx_word' id='word_1_14' title='bbox 1489 440 1576 512; x_wconf 89' lang='grc'><strong>478.</strong></span> <span class='ocrx_word' id='word_1_15' title='bbox 1614 438 1777 538; x_wconf 79' lang='lat' dir='ltr'><strong>Labores]</strong></span> <span class='ocrx_word' id='word_1_16' title='bbox 1805 443 1839 511; x_wconf 94' lang='lat' dir='ltr'><strong>id</strong></span> <span class='ocrx_word' id='word_1_17' title='bbox 1864 456 1938 525; x_wconf 89' lang='lat' dir='ltr'><strong>est,</strong></span> <span class='ocrx_word' id='word_1_18' title='bbox 1981 444 2125 536; x_wconf 86' lang='lat' dir='ltr'><strong>eclipses</strong></span> <span class='ocrx_word' id='word_1_19' title='bbox 2152 452 2238 521; x_wconf 90' lang='lat' dir='ltr'><strong>solis</strong></span> <span class='ocrx_word' id='word_1_20' title='bbox 2267 467 2302 524; x_wconf 90' lang='lat' dir='ltr'><strong>et</strong></span> 
     </span>
     <span class='ocr_line' id='line_1_3' title="bbox 260 538 2281 631; baseline -0 -18"><span class='ocrx_word' id='word_1_21' title='bbox 260 546 298 613; x_wconf 90' lang='lat' dir='ltr'><strong>id</strong></span> <span class='ocrx_word' id='word_1_22' title='bbox 325 559 397 625; x_wconf 88' lang='lat' dir='ltr'><strong>est,</strong></span> <span class='ocrx_word' id='word_1_23' title='bbox 422 541 554 611; x_wconf 78' lang='lat' dir='ltr'><strong>liabent</strong></span> <span class='ocrx_word' id='word_1_24' title='bbox 578 545 708 611; x_wconf 87' lang='lat' dir='ltr'><strong>victum</strong></span> <span class='ocrx_word' id='word_1_25' title='bbox 731 545 806 610; x_wconf 87' lang='lat' dir='ltr'><strong>sine</strong></span> <span class='ocrx_word' id='word_1_26' title='bbox 833 542 1021 631; x_wconf 88' lang='lat' dir='ltr'><strong>periculis;</strong></span> <span class='ocrx_word' id='word_1_27' title='bbox 1046 542 1074 610; x_wconf 93' lang='lat' dir='ltr'><strong>si</strong></span> <span class='ocrx_word' id='word_1_28' title='bbox 1099 565 1173 610; x_wconf 93' lang='lat' dir='ltr'><strong>non</strong></span> <span class='ocrx_word' id='word_1_29' title='bbox 1193 538 1256 610; x_wconf 87' lang='lat' dir='ltr'><strong>ha·</strong></span> <span class='ocrx_word' id='word_1_30' title='bbox 1309 547 1425 613; x_wconf 86' lang='lat' dir='ltr'><strong>lunae.</strong></span> <span class='ocrx_word' id='word_1_31' title='bbox 2273 552 2281 561; x_wconf 85' lang='lat'><em>&#39;</em></span> 
     </span>
     <span class='ocr_line' id='line_1_4' title="bbox 259 639 2300 746; baseline 0.003 -30"><span class='ocrx_word' id='word_1_32' title='bbox 259 650 346 716; x_wconf 90' lang='lat' dir='ltr'><strong>bent</strong></span> <span class='ocrx_word' id='word_1_33' title='bbox 363 670 510 735; x_wconf 65' lang='lat' dir='ltr'><strong>inriguas</strong></span> <span class='ocrx_word' id='word_1_34' title='bbox 528 668 632 733; x_wconf 83' lang='lat' dir='ltr'><strong>opes,</strong></span> <span class='ocrx_word' id='word_1_35' title='bbox 660 656 782 711; x_wconf 90' lang='lat' dir='ltr'><strong>tamen</strong></span> <span class='ocrx_word' id='word_1_36' title='bbox 801 639 939 710; x_wconf 90' lang='lat' dir='ltr'><strong>habent</strong></span> <span class='ocrx_word' id='word_1_37' title='bbox 955 642 1123 735; x_wconf 89' lang='lat' dir='ltr'><strong>quietem.</strong></span> <span class='ocrx_word' id='word_1_38' title='bbox 1409 644 1469 714; x_wconf 87' lang='lat' dir='ltr'><strong>Vs.</strong></span> <span class='ocrx_word' id='word_1_39' title='bbox 1485 643 1571 718; x_wconf 75' lang='lat'><strong>482.</strong></span> <span class='ocrx_word' id='word_1_40' title='bbox 1599 648 1769 736; x_wconf 73' lang='lat' dir='ltr'><strong>Hyberni]</strong></span> <span class='ocrx_word' id='word_1_41' title='bbox 1797 646 1833 712; x_wconf 95' lang='lat' dir='ltr'><strong>id</strong></span> <span class='ocrx_word' id='word_1_42' title='bbox 1850 657 1924 727; x_wconf 92' lang='grc' dir='ltr'>εει,</span> <span class='ocrx_word' id='word_1_43' title='bbox 1949 669 2073 719; x_wconf 81' lang='lat' dir='ltr'>causas</span> <span class='ocrx_word' id='word_1_44' title='bbox 2099 651 2300 746; x_wconf 79' lang='lat' dir='ltr'><strong>inaequali·</strong></span> 
     </span>
    </p>

    <p class='ocr_par' dir='ltr' id='par_1_3' title="bbox 260 744 2299 1252">
     <span class='ocr_line' id='line_1_5' title="bbox 364 744 1787 834; baseline 0.003 -24"><span class='ocrx_word' id='word_1_45' title='bbox 364 746 425 815; x_wconf 92' lang='lat' dir='ltr'><strong>Vs.</strong></span> <span class='ocrx_word' id='word_1_46' title='bbox 444 746 530 817; x_wconf 74' lang='lat'><strong>462.</strong></span> <span class='ocrx_word' id='word_1_47' title='bbox 570 747 717 834; x_wconf 81' lang='lat' dir='ltr'><strong>Undam]</strong></span> <span class='ocrx_word' id='word_1_48' title='bbox 749 746 785 811; x_wconf 89' lang='lat' dir='ltr'><strong>id</strong></span> <span class='ocrx_word' id='word_1_49' title='bbox 809 756 880 825; x_wconf 89' lang='grc' dir='ltr'>εει,</span> <span class='ocrx_word' id='word_1_50' title='bbox 911 746 1065 814; x_wconf 84' lang='lat' dir='ltr'><strong>turbam.</strong></span> <span class='ocrx_word' id='word_1_51' title='bbox 1116 744 1255 813; x_wconf 83' lang='lat' dir='ltr'><strong>Romae</strong></span> <span class='ocrx_word' id='word_1_52' title='bbox 1308 750 1392 818; x_wconf 90' lang='lat' dir='ltr'><strong>tatis</strong></span> <span class='ocrx_word' id='word_1_53' title='bbox 1410 748 1548 815; x_wconf 86' lang='lat' dir='ltr'><strong>dierum</strong></span> <span class='ocrx_word' id='word_1_54' title='bbox 1566 761 1600 815; x_wconf 89' lang='lat' dir='ltr'><strong>ct</strong></span> <span class='ocrx_word' id='word_1_55' title='bbox 1616 748 1787 814; x_wconf 89' lang='lat' dir='ltr'><strong>noctium.</strong></span> 
     </span>
     <span class='ocr_line' id='line_1_6' title="bbox 260 844 2299 947; baseline 0.006 -32"><span class='ocrx_word' id='word_1_56' title='bbox 260 849 450 917; x_wconf 88' lang='lat' dir='ltr'><strong>veniebant</strong></span> <span class='ocrx_word' id='word_1_57' title='bbox 474 870 577 913; x_wconf 68' lang='lat' dir='ltr'><strong>triane</strong></span> <span class='ocrx_word' id='word_1_58' title='bbox 602 847 765 929; x_wconf 90' lang='lat' dir='ltr'><strong>clientes,</strong></span> <span class='ocrx_word' id='word_1_59' title='bbox 792 858 828 914; x_wconf 91' lang='lat' dir='ltr'><strong>et</strong></span> <span class='ocrx_word' id='word_1_60' title='bbox 846 846 1053 916; x_wconf 90' lang='lat' dir='ltr'><strong>salutabant</strong></span> <span class='ocrx_word' id='word_1_61' title='bbox 1070 860 1254 935; x_wconf 89' lang='lat' dir='ltr'><strong>patronos.</strong></span> <span class='ocrx_word' id='word_1_62' title='bbox 1408 849 1470 919; x_wconf 91' lang='lat' dir='ltr'><strong>Vs.</strong></span> <span class='ocrx_word' id='word_1_63' title='bbox 1485 848 1571 919; x_wconf 85' lang='grc'><strong>464.</strong></span> <span class='ocrx_word' id='word_1_64' title='bbox 1605 844 1779 945; x_wconf 63' lang='lat' dir='ltr'><strong>Frigidus]</strong></span> <span class='ocrx_word' id='word_1_65' title='bbox 1815 848 1945 929; x_wconf 89' lang='lat' dir='ltr'><strong>idest,</strong></span> <span class='ocrx_word' id='word_1_66' title='bbox 1974 849 2004 918; x_wconf 87' lang='lat' dir='ltr'><strong>si</strong></span> <span class='ocrx_word' id='word_1_67' title='bbox 2026 872 2101 918; x_wconf 94' lang='lat' dir='ltr'><strong>non</strong></span> <span class='ocrx_word' id='word_1_68' title='bbox 2122 856 2299 947; x_wconf 89' lang='lat' dir='ltr'><strong>contingit</strong></span> 
     </span>
     <span class='ocr_line' id='line_1_7' title="bbox 260 947 2197 1041; baseline 0.004 -24"><span class='ocrx_word' id='word_1_69' title='bbox 260 949 307 1017; x_wconf 87' lang='lat' dir='ltr'><strong>Et</strong></span> <span class='ocrx_word' id='word_1_70' title='bbox 331 973 403 1041; x_wconf 92' lang='lat' dir='ltr'><strong>quo</strong></span> <span class='ocrx_word' id='word_1_71' title='bbox 431 948 582 1041; x_wconf 89' lang='lat' dir='ltr'><strong>quisque</strong></span> <span class='ocrx_word' id='word_1_72' title='bbox 605 960 683 1016; x_wconf 91' lang='lat' dir='ltr'><strong>erat</strong></span> <span class='ocrx_word' id='word_1_73' title='bbox 707 947 912 1037; x_wconf 88' lang='lat' dir='ltr'><strong>potentior,</strong></span> <span class='ocrx_word' id='word_1_74' title='bbox 939 972 981 1015; x_wconf 91' lang='lat' dir='ltr'><strong>eo</strong></span> <span class='ocrx_word' id='word_1_75' title='bbox 1002 948 1120 1016; x_wconf 87' lang='lat' dir='ltr'><strong>alebat</strong></span> <span class='ocrx_word' id='word_1_76' title='bbox 1141 948 1254 1016; x_wconf 90' lang='lat' dir='ltr'><strong>maio·</strong></span> <span class='ocrx_word' id='word_1_77' title='bbox 1306 949 1395 1021; x_wconf 91' lang='lat' dir='ltr'><strong>mihi</strong></span> <span class='ocrx_word' id='word_1_78' title='bbox 1414 951 1587 1031; x_wconf 74' lang='lat' dir='ltr'>eruditio,</span> <span class='ocrx_word' id='word_1_79' title='bbox 1614 964 1698 1019; x_wconf 93' lang='lat' dir='ltr'><strong>tunc</strong></span> <span class='ocrx_word' id='word_1_80' title='bbox 1713 950 1872 1017; x_wconf 79' lang='lat' dir='ltr'>antefero</span> <span class='ocrx_word' id='word_1_81' title='bbox 1886 950 1997 1018; x_wconf 85' lang='lat' dir='ltr'><strong>vitam</strong></span> <span class='ocrx_word' id='word_1_82' title='bbox 2015 953 2197 1025; x_wconf 79' lang='lat' dir='ltr'><strong>rusticam.</strong></span> 
     </span>
     <span class='ocr_line' id='line_1_8' title="bbox 262 1047 2295 1148; baseline 0.001 -30"><span class='ocrx_word' id='word_1_83' title='bbox 262 1074 337 1118; x_wconf 90' lang='lat' dir='ltr'><strong>rem</strong></span> <span class='ocrx_word' id='word_1_84' title='bbox 364 1075 545 1139; x_wconf 81' lang='lat' dir='ltr'><strong>pompam.</strong></span> <span class='ocrx_word' id='word_1_85' title='bbox 597 1048 638 1117; x_wconf 94' lang='lat' dir='ltr'><strong>ln</strong></span> <span class='ocrx_word' id='word_1_86' title='bbox 663 1051 742 1117; x_wconf 91' lang='lat' dir='ltr'><strong>aula</strong></span> <span class='ocrx_word' id='word_1_87' title='bbox 761 1050 922 1121; x_wconf 85' lang='lat' dir='ltr'><strong>Caesaris</strong></span> <span class='ocrx_word' id='word_1_88' title='bbox 938 1051 1051 1119; x_wconf 91' lang='lat' dir='ltr'><strong>nostri</strong></span> <span class='ocrx_word' id='word_1_89' title='bbox 1068 1063 1119 1119; x_wconf 89' lang='lat' dir='ltr'><strong>est</strong></span> <span class='ocrx_word' id='word_1_90' title='bbox 1134 1050 1253 1141; x_wconf 90' lang='lat' dir='ltr'><strong>imago</strong></span> <span class='ocrx_word' id='word_1_91' title='bbox 1406 1052 1467 1122; x_wconf 87' lang='lat' dir='ltr'><strong>Vs.</strong></span> <span class='ocrx_word' id='word_1_92' title='bbox 1483 1051 1569 1123; x_wconf 82' lang='lat'><strong>490.</strong></span> <span class='ocrx_word' id='word_1_93' title='bbox 1610 1055 1711 1121; x_wconf 68' lang='lat' dir='ltr'><strong>Petis·</strong></span> <span class='ocrx_word' id='word_1_94' title='bbox 1733 1047 1933 1148; x_wconf 78' lang='lat' dir='ltr'><strong>qieipoluit]</strong></span> <span class='ocrx_word' id='word_1_95' title='bbox 1971 1053 2134 1122; x_wconf 87' lang='lat' dir='ltr'><strong>Primum</strong></span> <span class='ocrx_word' id='word_1_96' title='bbox 2159 1071 2211 1128; x_wconf 83' lang='lat' dir='ltr'><strong>est</strong></span> <span class='ocrx_word' id='word_1_97' title='bbox 2237 1060 2295 1129; x_wconf 68' lang='lat' dir='ltr'><strong>ille</strong></span> 
     </span>
     <span class='ocr_line' id='line_1_9' title="bbox 262 1148 2294 1252; baseline 0.004 -32"><span class='ocrx_word' id='word_1_98' title='bbox 262 1155 436 1245; x_wconf 78' lang='lat' dir='ltr'><strong>quaedam</strong></span> <span class='ocrx_word' id='word_1_99' title='bbox 456 1148 562 1220; x_wconf 79' lang='lat' dir='ltr'><strong>liuius</strong></span> <span class='ocrx_word' id='word_1_100' title='bbox 582 1175 747 1241; x_wconf 83' lang='lat' dir='ltr'><strong>pompae.</strong></span> <span class='ocrx_word' id='word_1_101' title='bbox 1305 1155 1449 1236; x_wconf 87' lang='lat' dir='ltr'><strong>beatus,</strong></span> <span class='ocrx_word' id='word_1_102' title='bbox 1474 1155 1536 1246; x_wconf 90' lang='lat' dir='ltr'><strong>qui</strong></span> <span class='ocrx_word' id='word_1_103' title='bbox 1554 1166 1605 1222; x_wconf 91' lang='lat' dir='ltr'><strong>est</strong></span> <span class='ocrx_word' id='word_1_104' title='bbox 1621 1154 1813 1222; x_wconf 90' lang='lat' dir='ltr'><strong>instructus</strong></span> <span class='ocrx_word' id='word_1_105' title='bbox 1831 1154 2034 1243; x_wconf 78' lang='lat' dir='ltr'><strong>cognitione</strong></span> <span class='ocrx_word' id='word_1_106' title='bbox 2052 1180 2187 1243; x_wconf 91' lang='lat' dir='ltr'><strong>rerum,</strong></span> <span class='ocrx_word' id='word_1_107' title='bbox 2214 1176 2294 1252; x_wconf 90' lang='lat' dir='ltr'><strong>post</strong></span> 
     </span>
    </p>

    <p class='ocr_par' dir='ltr' id='par_1_4' title="bbox 261 1251 2075 1445">
     <span class='ocr_line' id='line_1_10' title="bbox 365 1251 1588 1343; baseline 0.001 -20"><span class='ocrx_word' id='word_1_108' title='bbox 365 1252 424 1323; x_wconf 86' lang='lat' dir='ltr'><strong>Vs.</strong></span> <span class='ocrx_word' id='word_1_109' title='bbox 440 1251 526 1323; x_wconf 80' lang='grc'><strong>468.</strong></span> <span class='ocrx_word' id='word_1_110' title='bbox 563 1254 720 1343; x_wconf 77' lang='lat' dir='ltr'><strong>Iuliani]</strong></span> <span class='ocrx_word' id='word_1_111' title='bbox 748 1254 783 1319; x_wconf 92' lang='lat' dir='ltr'><strong>id</strong></span> <span class='ocrx_word' id='word_1_112' title='bbox 810 1264 880 1332; x_wconf 90' lang='lat' dir='ltr'><strong>cst,</strong></span> <span class='ocrx_word' id='word_1_113' title='bbox 907 1264 1068 1342; x_wconf 85' lang='lat' dir='ltr'><strong>spectant</strong></span> <span class='ocrx_word' id='word_1_114' title='bbox 1087 1276 1168 1320; x_wconf 83' lang='lat' dir='ltr'><strong>cuin</strong></span> <span class='ocrx_word' id='word_1_115' title='bbox 1192 1253 1253 1322; x_wconf 91' lang='lat' dir='ltr'><strong>ad·</strong></span> <span class='ocrx_word' id='word_1_116' title='bbox 1305 1252 1401 1325; x_wconf 88' lang='lat' dir='ltr'><strong>hunc</strong></span> <span class='ocrx_word' id='word_1_117' title='bbox 1420 1258 1588 1343; x_wconf 84' lang='lat' dir='ltr'><strong>agricola.</strong></span> 
     </span>
     <span class='ocr_line' id='line_1_11' title="bbox 261 1354 2075 1445; baseline 0.002 -23"><span class='ocrx_word' id='word_1_118' title='bbox 261 1355 464 1423; x_wconf 87' lang='lat' dir='ltr'><strong>miratione.</strong></span> <span class='ocrx_word' id='word_1_119' title='bbox 1407 1358 1467 1426; x_wconf 85' lang='lat' dir='ltr'><strong>Vs.</strong></span> <span class='ocrx_word' id='word_1_120' title='bbox 1482 1354 1568 1428; x_wconf 82' lang='lat'><strong>495.</strong></span> <span class='ocrx_word' id='word_1_121' title='bbox 1596 1357 1730 1444; x_wconf 71' lang='lat' dir='ltr'><strong>Fasces]</strong></span> <span class='ocrx_word' id='word_1_122' title='bbox 1758 1355 1883 1434; x_wconf 84' lang='lat' dir='ltr'><strong>idest,</strong></span> <span class='ocrx_word' id='word_1_123' title='bbox 1911 1355 2075 1445; x_wconf 89' lang='lat' dir='ltr'><strong>imperia.</strong></span> 
     </span>
    </p>

    <p class='ocr_par' dir='ltr' id='par_1_5' title="bbox 262 1451 2294 1857">
     <span class='ocr_line' id='line_1_12' title="bbox 363 1451 2292 1546; baseline 0.005 -25"><span class='ocrx_word' id='word_1_124' title='bbox 363 1457 423 1528; x_wconf 94' lang='lat' dir='ltr'><strong>Vs.</strong></span> <span class='ocrx_word' id='word_1_125' title='bbox 441 1455 527 1528; x_wconf 87' lang='grc'><strong>464.</strong></span> <span class='ocrx_word' id='word_1_126' title='bbox 562 1458 747 1545; x_wconf 72' lang='lat' dir='ltr'><strong>Ephyreia]</strong></span> <span class='ocrx_word' id='word_1_127' title='bbox 783 1454 818 1520; x_wconf 92' lang='lat' dir='ltr'><strong>id</strong></span> <span class='ocrx_word' id='word_1_128' title='bbox 844 1466 918 1535; x_wconf 91' lang='lat' dir='ltr'><strong>est,</strong></span> <span class='ocrx_word' id='word_1_129' title='bbox 949 1451 1135 1524; x_wconf 83' lang='lat' dir='ltr'><strong>Corinthia</strong></span> <span class='ocrx_word' id='word_1_130' title='bbox 1158 1478 1252 1537; x_wconf 90' lang='lat' dir='ltr'><strong>aera,</strong></span> <span class='ocrx_word' id='word_1_131' title='bbox 1405 1458 1466 1529; x_wconf 84' lang='lat' dir='ltr'><strong>Vs.</strong></span> <span class='ocrx_word' id='word_1_132' title='bbox 1482 1458 1569 1529; x_wconf 89' lang='grc'><strong>497.</strong></span> <span class='ocrx_word' id='word_1_133' title='bbox 1608 1459 1740 1546; x_wconf 70' lang='lat' dir='ltr'><strong>Darios]</strong></span> <span class='ocrx_word' id='word_1_134' title='bbox 1776 1458 1905 1538; x_wconf 87' lang='lat' dir='ltr'><strong>idest,</strong></span> <span class='ocrx_word' id='word_1_135' title='bbox 1947 1482 2023 1525; x_wconf 96' lang='lat' dir='ltr'><strong>non</strong></span> <span class='ocrx_word' id='word_1_136' title='bbox 2048 1473 2176 1528; x_wconf 88' lang='lat' dir='ltr'><strong>curant</strong></span> <span class='ocrx_word' id='word_1_137' title='bbox 2201 1463 2292 1531; x_wconf 82' lang='lat' dir='ltr'><strong>bella</strong></span> 
     </span>
     <span class='ocr_line' id='line_1_13' title="bbox 264 1554 2294 1654; baseline 0.003 -27"><span class='ocrx_word' id='word_1_138' title='bbox 264 1558 360 1652; x_wconf 88' lang='lat' dir='ltr'><strong>quia,</strong></span> <span class='ocrx_word' id='word_1_139' title='bbox 385 1564 429 1627; x_wconf 90' lang='lat' dir='ltr'><strong>da</strong></span> <span class='ocrx_word' id='word_1_140' title='bbox 448 1559 509 1627; x_wconf 87' lang='lat' dir='ltr'><strong>bat</strong></span> <span class='ocrx_word' id='word_1_141' title='bbox 526 1582 610 1624; x_wconf 89' lang='lat' dir='ltr'><strong>man</strong></span> <span class='ocrx_word' id='word_1_142' title='bbox 626 1582 793 1626; x_wconf 85' lang='lat' dir='ltr'><strong>zusamen</strong></span> <span class='ocrx_word' id='word_1_143' title='bbox 810 1580 938 1644; x_wconf 88' lang='lat' dir='ltr'><strong>gossen</strong></span> <span class='ocrx_word' id='word_1_144' title='bbox 953 1558 1098 1649; x_wconf 87' lang='lat' dir='ltr'><strong>allerley</strong></span> <span class='ocrx_word' id='word_1_145' title='bbox 1113 1557 1250 1625; x_wconf 89' lang='lat' dir='ltr'><strong>metall:</strong></span> <span class='ocrx_word' id='word_1_146' title='bbox 1276 1578 1279 1617; x_wconf 87' lang='grc' dir='ltr'>ι</span> <span class='ocrx_word' id='word_1_147' title='bbox 1304 1560 1482 1631; x_wconf 87' lang='lat' dir='ltr'><strong>Romana.</strong></span> <span class='ocrx_word' id='word_1_148' title='bbox 1542 1554 1639 1630; x_wconf 72' lang='lat' dir='ltr'><strong>nihii</strong></span> <span class='ocrx_word' id='word_1_149' title='bbox 1664 1560 1787 1627; x_wconf 90' lang='lat' dir='ltr'><strong>dubito</strong></span> <span class='ocrx_word' id='word_1_150' title='bbox 1811 1554 1929 1626; x_wconf 82' lang='lat' dir='ltr'><strong>Dacos</strong></span> <span class='ocrx_word' id='word_1_151' title='bbox 1951 1582 2047 1640; x_wconf 87' lang='lat' dir='ltr'><strong>esse,</strong></span> <span class='ocrx_word' id='word_1_152' title='bbox 2082 1586 2172 1654; x_wconf 90' lang='lat' dir='ltr'><strong>quos</strong></span> <span class='ocrx_word' id='word_1_153' title='bbox 2196 1587 2294 1634; x_wconf 85' lang='lat' dir='ltr'><strong>nune</strong></span> 
     </span>
     <span class='ocr_line' id='line_1_14' title="bbox 262 1658 2294 1752; baseline 0.002 -24"><span class='ocrx_word' id='word_1_154' title='bbox 262 1682 409 1742; x_wconf 91' lang='lat' dir='ltr'><strong>aurum,</strong></span> <span class='ocrx_word' id='word_1_155' title='bbox 436 1672 644 1750; x_wconf 85' lang='lat' dir='ltr'><strong>argentum,</strong></span> <span class='ocrx_word' id='word_1_156' title='bbox 671 1672 735 1727; x_wconf 90' lang='lat' dir='ltr'><strong>etc.</strong></span> <span class='ocrx_word' id='word_1_157' title='bbox 788 1658 842 1726; x_wconf 85' lang='lat' dir='ltr'><strong>Ex</strong></span> <span class='ocrx_word' id='word_1_158' title='bbox 863 1659 994 1751; x_wconf 91' lang='lat' dir='ltr'><strong>quibus</strong></span> <span class='ocrx_word' id='word_1_159' title='bbox 1015 1659 1135 1729; x_wconf 87' lang='lat' dir='ltr'><strong>mixtis</strong></span> <span class='ocrx_word' id='word_1_160' title='bbox 1155 1670 1251 1750; x_wconf 87' lang='lat' dir='ltr'><strong>post·</strong></span> <span class='ocrx_word' id='word_1_161' title='bbox 1305 1686 1474 1734; x_wconf 83' lang='lat' dir='ltr'><strong>vocamus</strong></span> <span class='ocrx_word' id='word_1_162' title='bbox 1489 1663 1838 1752; x_wconf 87' lang='lat' dir='ltr'><strong>Septemcastrenses.</strong></span> <span class='ocrx_word' id='word_1_163' title='bbox 1890 1659 2054 1730; x_wconf 85' lang='lat' dir='ltr'><strong>Fuerunt</strong></span> <span class='ocrx_word' id='word_1_164' title='bbox 2070 1676 2188 1732; x_wconf 89' lang='lat' dir='ltr'><strong>antem</strong></span> <span class='ocrx_word' id='word_1_165' title='bbox 2207 1666 2294 1733; x_wconf 87' lang='lat' dir='ltr'><strong>vici·</strong></span> 
     </span>
     <span class='ocr_line' id='line_1_15' title="bbox 262 1760 2293 1857; baseline -0.004 -26"><span class='ocrx_word' id='word_1_166' title='bbox 262 1787 303 1832; x_wconf 89' lang='lat' dir='ltr'><strong>ea</strong></span> <span class='ocrx_word' id='word_1_167' title='bbox 322 1762 623 1853; x_wconf 87' lang='lat' dir='ltr'><strong>praestantissima</strong></span> <span class='ocrx_word' id='word_1_168' title='bbox 641 1784 725 1829; x_wconf 92' lang='lat' dir='ltr'><strong>vasa</strong></span> <span class='ocrx_word' id='word_1_169' title='bbox 744 1761 835 1827; x_wconf 83' lang='lat' dir='ltr'><strong>lacta</strong></span> <span class='ocrx_word' id='word_1_170' title='bbox 854 1774 949 1829; x_wconf 91' lang='lat' dir='ltr'><strong>sunt.</strong></span> <span class='ocrx_word' id='word_1_171' title='bbox 1303 1789 1371 1834; x_wconf 94' lang='lat' dir='ltr'><strong>nae</strong></span> <span class='ocrx_word' id='word_1_172' title='bbox 1386 1779 1507 1857; x_wconf 84' lang='lat' dir='ltr'><strong>gentes</strong></span> <span class='ocrx_word' id='word_1_173' title='bbox 1522 1763 1629 1845; x_wconf 86' lang='lat' dir='ltr'><strong>Daci,</strong></span> <span class='ocrx_word' id='word_1_174' title='bbox 1657 1762 1824 1854; x_wconf 88' lang='lat' dir='ltr'><strong>Cymbri,</strong></span> <span class='ocrx_word' id='word_1_175' title='bbox 1851 1760 1981 1844; x_wconf 84' lang='lat' dir='ltr'><strong>Getae,</strong></span> <span class='ocrx_word' id='word_1_176' title='bbox 2006 1776 2040 1832; x_wconf 89' lang='lat' dir='ltr'><strong>et</strong></span> <span class='ocrx_word' id='word_1_177' title='bbox 2054 1765 2293 1835; x_wconf 83' lang='lat' dir='ltr'><strong>circumfode.</strong></span> 
     </span>
    </p>

    <p class='ocr_par' dir='ltr' id='par_1_6' title="bbox 262 1860 2292 2153">
     <span class='ocr_line' id='line_1_16' title="bbox 364 1860 2290 1959; baseline 0.004 -31"><span class='ocrx_word' id='word_1_178' title='bbox 364 1865 424 1934; x_wconf 87' lang='lat' dir='ltr'><strong>Vs.</strong></span> <span class='ocrx_word' id='word_1_179' title='bbox 440 1863 526 1934; x_wconf 83' lang='lat'><strong>466.</strong></span> <span class='ocrx_word' id='word_1_180' title='bbox 553 1863 669 1954; x_wconf 75' lang='lat' dir='ltr'><strong>Ousia]</strong></span> <span class='ocrx_word' id='word_1_181' title='bbox 696 1861 771 1933; x_wconf 91' lang='lat' dir='ltr'><strong>Nos</strong></span> <span class='ocrx_word' id='word_1_182' title='bbox 792 1860 987 1936; x_wconf 91' lang='lat' dir='ltr'><strong>nescimus.</strong></span> <span class='ocrx_word' id='word_1_183' title='bbox 1014 1863 1101 1954; x_wconf 91' lang='lat' dir='ltr'><strong>quid</strong></span> <span class='ocrx_word' id='word_1_184' title='bbox 1123 1862 1169 1932; x_wconf 93' lang='lat' dir='ltr'><strong>sit</strong></span> <span class='ocrx_word' id='word_1_185' title='bbox 1190 1861 1251 1929; x_wconf 90' lang='lat' dir='ltr'><strong>illa</strong></span> <span class='ocrx_word' id='word_1_186' title='bbox 1303 1880 1389 1936; x_wconf 81' lang='lat' dir='ltr'><strong>runt</strong></span> <span class='ocrx_word' id='word_1_187' title='bbox 1417 1892 1454 1937; x_wconf 68' lang='lat' dir='ltr'><strong>se</strong></span> <span class='ocrx_word' id='word_1_188' title='bbox 1483 1870 1528 1935; x_wconf 84' lang='lat' dir='ltr'><strong>ab</strong></span> <span class='ocrx_word' id='word_1_189' title='bbox 1564 1864 1747 1955; x_wconf 86' lang='lat' dir='ltr'><strong>Hongaria</strong></span> <span class='ocrx_word' id='word_1_190' title='bbox 1777 1887 1843 1953; x_wconf 84' lang='lat' dir='ltr'><strong>per</strong></span> <span class='ocrx_word' id='word_1_191' title='bbox 1873 1862 2061 1933; x_wconf 87' lang='lat' dir='ltr'><strong>Poloniam</strong></span> <span class='ocrx_word' id='word_1_192' title='bbox 2096 1890 2207 1959; x_wconf 88' lang='lat' dir='ltr'><strong>usque</strong></span> <span class='ocrx_word' id='word_1_193' title='bbox 2241 1872 2290 1936; x_wconf 88' lang='lat' dir='ltr'><strong>ad</strong></span> 
     </span>
     <span class='ocr_line' id='line_1_17' title="bbox 262 1961 2290 2058; baseline -0.001 -18"><span class='ocrx_word' id='word_1_194' title='bbox 262 1970 377 2049; x_wconf 87' lang='lat' dir='ltr'><strong>casia,</strong></span> <span class='ocrx_word' id='word_1_195' title='bbox 403 1988 478 2033; x_wconf 92' lang='lat' dir='ltr'><strong>non</strong></span> <span class='ocrx_word' id='word_1_196' title='bbox 499 1980 551 2035; x_wconf 88' lang='lat' dir='ltr'><strong>est</strong></span> <span class='ocrx_word' id='word_1_197' title='bbox 571 1977 714 2046; x_wconf 91' lang='lat' dir='ltr'><strong>nostra,</strong></span> <span class='ocrx_word' id='word_1_198' title='bbox 741 1986 850 2057; x_wconf 89' lang='lat' dir='ltr'><strong>quam</strong></span> <span class='ocrx_word' id='word_1_199' title='bbox 866 1986 999 2032; x_wconf 87' lang='lat' dir='ltr'><strong>cassam</strong></span> <span class='ocrx_word' id='word_1_200' title='bbox 1017 1966 1171 2034; x_wconf 85' lang='lat' dir='ltr'><strong>fistulam</strong></span> <span class='ocrx_word' id='word_1_201' title='bbox 1189 1988 1251 2032; x_wconf 87' lang='lat' dir='ltr'><strong>vo·</strong></span> <span class='ocrx_word' id='word_1_202' title='bbox 1303 1968 1486 2038; x_wconf 90' lang='lat' dir='ltr'><strong>Prnssiam</strong></span> <span class='ocrx_word' id='word_1_203' title='bbox 1520 1982 1556 2039; x_wconf 90' lang='lat' dir='ltr'><strong>et</strong></span> <span class='ocrx_word' id='word_1_204' title='bbox 1577 1966 1804 2058; x_wconf 88' lang='lat' dir='ltr'><strong>Cymbricam</strong></span> <span class='ocrx_word' id='word_1_205' title='bbox 1825 1961 2106 2049; x_wconf 81' lang='lat' dir='ltr'><strong>Chersonesum,</strong></span> <span class='ocrx_word' id='word_1_206' title='bbox 2141 1980 2178 2035; x_wconf 89' lang='lat' dir='ltr'><strong>et</strong></span> <span class='ocrx_word' id='word_1_207' title='bbox 2204 1972 2290 2037; x_wconf 89' lang='lat' dir='ltr'><strong>con-</strong></span> 
     </span>
     <span class='ocr_line' id='line_1_18' title="bbox 265 2067 2292 2153; baseline -0.001 -12"><span class='ocrx_word' id='word_1_208' title='bbox 265 2094 397 2141; x_wconf 89' lang='lat' dir='ltr'><strong>camus.</strong></span> <span class='ocrx_word' id='word_1_209' title='bbox 1302 2073 1496 2140; x_wconf 80' lang='lat' dir='ltr'><strong>iunxerunt</strong></span> <span class='ocrx_word' id='word_1_210' title='bbox 1523 2097 1580 2153; x_wconf 90' lang='lat' dir='ltr'><strong>se,</strong></span> <span class='ocrx_word' id='word_1_211' title='bbox 1620 2080 1654 2137; x_wconf 88' lang='grc' dir='ltr'><strong>ει</strong></span> <span class='ocrx_word' id='word_1_212' title='bbox 1687 2071 1773 2139; x_wconf 83' lang='lat' dir='ltr'><strong>satis</strong></span> <span class='ocrx_word' id='word_1_213' title='bbox 1806 2067 1950 2136; x_wconf 81' lang='lat' dir='ltr'><strong>sortiter</strong></span> <span class='ocrx_word' id='word_1_214' title='bbox 1982 2069 2190 2139; x_wconf 88' lang='lat' dir='ltr'><strong>restiterunt</strong></span> <span class='ocrx_word' id='word_1_215' title='bbox 2215 2070 2292 2139; x_wconf 84' lang='lat' dir='ltr'><strong>tto-</strong></span> 
     </span>
    </p>

    <p class='ocr_par' dir='ltr' id='par_1_7' title="bbox 262 2161 2290 2366">
     <span class='ocr_line' id='line_1_19' title="bbox 365 2161 1445 2256; baseline 0.007 -22"><span class='ocrx_word' id='word_1_216' title='bbox 365 2169 427 2239; x_wconf 88' lang='lat' dir='ltr'><strong>Vs.</strong></span> <span class='ocrx_word' id='word_1_217' title='bbox 445 2168 531 2239; x_wconf 91' lang='grc'><strong>467.</strong></span> <span class='ocrx_word' id='word_1_218' title='bbox 575 2173 618 2238; x_wconf 81' lang='lat' dir='ltr'><strong>Et</strong></span> <span class='ocrx_word' id='word_1_219' title='bbox 646 2168 774 2256; x_wconf 82' lang='lat' dir='ltr'><strong>nescio]</strong></span> <span class='ocrx_word' id='word_1_220' title='bbox 806 2165 923 2235; x_wconf 90' lang='lat' dir='ltr'><strong>Unser</strong></span> <span class='ocrx_word' id='word_1_221' title='bbox 950 2169 1085 2236; x_wconf 86' lang='lat' dir='ltr'><strong>baurcn</strong></span> <span class='ocrx_word' id='word_1_222' title='bbox 1115 2161 1251 2235; x_wconf 89' lang='lat' dir='ltr'><strong>habens</strong></span> <span class='ocrx_word' id='word_1_223' title='bbox 1302 2172 1445 2242; x_wconf 82' lang='lat' dir='ltr'><strong>manis.</strong></span> 
     </span>
     <span class='ocr_line' id='line_1_20' title="bbox 262 2268 2290 2366; baseline -0.001 -23"><span class='ocrx_word' id='word_1_224' title='bbox 262 2271 362 2344; x_wconf 90' lang='lat' dir='ltr'><strong>nicht</strong></span> <span class='ocrx_word' id='word_1_225' title='bbox 378 2272 452 2338; x_wconf 87' lang='lat' dir='ltr'><strong>wol</strong></span> <span class='ocrx_word' id='word_1_226' title='bbox 468 2272 643 2359; x_wconf 89' lang='lat' dir='ltr'><strong>gelernet,</strong></span> <span class='ocrx_word' id='word_1_227' title='bbox 667 2268 738 2335; x_wconf 89' lang='lat' dir='ltr'><strong>wie</strong></span> <span class='ocrx_word' id='word_1_228' title='bbox 752 2268 803 2336; x_wconf 87' lang='lat' dir='ltr'><strong>sic</strong></span> <span class='ocrx_word' id='word_1_229' title='bbox 820 2268 878 2335; x_wconf 91' lang='lat' dir='ltr'><strong>die</strong></span> <span class='ocrx_word' id='word_1_230' title='bbox 893 2268 967 2336; x_wconf 87' lang='lat' dir='ltr'><strong>lent</strong></span> <span class='ocrx_word' id='word_1_231' title='bbox 983 2269 1177 2358; x_wconf 91' lang='lat' dir='ltr'><strong>betriegen.</strong></span> <span class='ocrx_word' id='word_1_232' title='bbox 1403 2272 1464 2344; x_wconf 91' lang='lat' dir='ltr'><strong>Vs.</strong></span> <span class='ocrx_word' id='word_1_233' title='bbox 1482 2270 1568 2344; x_wconf 84' lang='grc'><strong>496.</strong></span> <span class='ocrx_word' id='word_1_234' title='bbox 1610 2274 1850 2366; x_wconf 75' lang='lat' dir='ltr'><strong>Perituropue]</strong></span> <span class='ocrx_word' id='word_1_235' title='bbox 1884 2270 1921 2339; x_wconf 88' lang='lat' dir='ltr'><strong>id</strong></span> <span class='ocrx_word' id='word_1_236' title='bbox 1955 2285 2026 2354; x_wconf 87' lang='grc' dir='ltr'>εει,</span> <span class='ocrx_word' id='word_1_237' title='bbox 2068 2296 2143 2341; x_wconf 91' lang='lat' dir='ltr'><strong>non</strong></span> <span class='ocrx_word' id='word_1_238' title='bbox 2167 2272 2290 2343; x_wconf 88' lang='lat' dir='ltr'><strong>vident</strong></span> 
     </span>
    </p>

    <p class='ocr_par' dir='ltr' id='par_1_8' title="bbox 265 2369 2199 2591">
     <span class='ocr_line' id='line_1_21' title="bbox 364 2369 1699 2469; baseline -0.001 -33"><span class='ocrx_word' id='word_1_239' title='bbox 364 2370 526 2442; x_wconf 77' lang='grc' dir='ltr'><strong>ν5.469.</strong></span> <span class='ocrx_word' id='word_1_240' title='bbox 562 2373 701 2460; x_wconf 71' lang='lat' dir='ltr'><strong>Frt‘qt&#39;da</strong></span> <span class='ocrx_word' id='word_1_241' title='bbox 725 2370 857 2460; x_wconf 77' lang='lat' dir='ltr'><strong>Tempe]</strong></span> <span class='ocrx_word' id='word_1_242' title='bbox 886 2370 920 2437; x_wconf 83' lang='lat' dir='ltr'><strong>ltl</strong></span> <span class='ocrx_word' id='word_1_243' title='bbox 947 2384 1017 2453; x_wconf 84' lang='lat' dir='ltr'><strong>est,</strong></span> <span class='ocrx_word' id='word_1_244' title='bbox 1042 2370 1119 2437; x_wconf 81' lang='lat' dir='ltr'><strong>lotit</strong></span> <span class='ocrx_word' id='word_1_245' title='bbox 1144 2369 1250 2449; x_wconf 79' lang='lat' dir='ltr'><strong>culta,</strong></span> <span class='ocrx_word' id='word_1_246' title='bbox 1301 2400 1450 2469; x_wconf 77' lang='lat' dir='ltr'><strong>magnas</strong></span> <span class='ocrx_word' id='word_1_247' title='bbox 1468 2375 1699 2444; x_wconf 79' lang='lat' dir='ltr'><strong>calamitates.</strong></span> 
     </span>
     <span class='ocr_line' id='line_1_22' title="bbox 265 2462 2199 2591; baseline -0.003 -42"><span class='ocrx_word' id='word_1_248' title='bbox 265 2475 396 2550; x_wconf 87' lang='lat' dir='ltr'><strong>schone</strong></span> <span class='ocrx_word' id='word_1_249' title='bbox 414 2498 493 2543; x_wconf 85' lang='lat' dir='ltr'><strong>ane.</strong></span> <span class='ocrx_word' id='word_1_250' title='bbox 1274 2462 1278 2591; x_wconf 63' lang='lat' dir='ltr'><strong>l</strong></span> <span class='ocrx_word' id='word_1_251' title='bbox 1404 2475 1464 2547; x_wconf 87' lang='lat' dir='ltr'><strong>Vs.</strong></span> <span class='ocrx_word' id='word_1_252' title='bbox 1480 2474 1567 2550; x_wconf 76' lang='lat'><strong>502.</strong></span> <span class='ocrx_word' id='word_1_253' title='bbox 1599 2477 1800 2566; x_wconf 76' lang='lat' dir='ltr'><strong>Tabouria]</strong></span> <span class='ocrx_word' id='word_1_254' title='bbox 1826 2474 1951 2558; x_wconf 90' lang='lat' dir='ltr'><strong>idest,</strong></span> <span class='ocrx_word' id='word_1_255' title='bbox 1977 2474 2199 2546; x_wconf 80' lang='lat' dir='ltr'><strong>consistoria.</strong></span> 
     </span>
    </p>

    <p class='ocr_par' dir='ltr' id='par_1_9' title="bbox 262 2567 2290 2775">
     <span class='ocr_line' id='line_1_23' title="bbox 365 2567 2214 2669; baseline -0.003 -16"><span class='ocrx_word' id='word_1_256' title='bbox 365 2577 426 2646; x_wconf 83' lang='lat' dir='ltr'><strong>Vs.</strong></span> <span class='ocrx_word' id='word_1_257' title='bbox 442 2573 529 2645; x_wconf 81' lang='lat'><strong>471.</strong></span> <span class='ocrx_word' id='word_1_258' title='bbox 562 2577 692 2644; x_wconf 73' lang='lat' dir='ltr'><strong>bostra</strong></span> <span class='ocrx_word' id='word_1_259' title='bbox 708 2571 878 2663; x_wconf 76' lang='lat' dir='ltr'><strong>serarum]</strong></span> <span class='ocrx_word' id='word_1_260' title='bbox 907 2572 942 2638; x_wconf 83' lang='lat' dir='ltr'><strong>id</strong></span> <span class='ocrx_word' id='word_1_261' title='bbox 967 2583 1037 2653; x_wconf 80' lang='lat' dir='ltr'><strong>est,</strong></span> <span class='ocrx_word' id='word_1_262' title='bbox 1063 2567 1171 2639; x_wconf 75' lang='lat' dir='ltr'><strong>habet</strong></span> <span class='ocrx_word' id='word_1_263' title='bbox 1191 2593 1250 2637; x_wconf 86' lang='lat' dir='ltr'><strong>ve-</strong></span> <span class='ocrx_word' id='word_1_264' title='bbox 1404 2572 1467 2649; x_wconf 76' lang='lat' dir='ltr'><strong>Vs.</strong></span> <span class='ocrx_word' id='word_1_265' title='bbox 1485 2576 1571 2650; x_wconf 76' lang='lat'><strong>605.</strong></span> <span class='ocrx_word' id='word_1_266' title='bbox 1597 2581 1794 2650; x_wconf 71' lang='lat' dir='ltr'><strong>Sollicitam</strong></span> <span class='ocrx_word' id='word_1_267' title='bbox 1809 2577 1887 2669; x_wconf 81' lang='lat' dir='ltr'><strong>atii]</strong></span> <span class='ocrx_word' id='word_1_268' title='bbox 1915 2577 2045 2661; x_wconf 81' lang='lat' dir='ltr'><strong>idest,</strong></span> <span class='ocrx_word' id='word_1_269' title='bbox 2072 2577 2214 2647; x_wconf 81' lang='lat' dir='ltr'><strong>milites.</strong></span> 
     </span>
     <span class='ocr_line' id='line_1_24' title="bbox 262 2673 2290 2775; baseline -0.001 -25"><span class='ocrx_word' id='word_1_270' title='bbox 262 2681 438 2750; x_wconf 88' lang='lat' dir='ltr'><strong>nationes.</strong></span> <span class='ocrx_word' id='word_1_271' title='bbox 1403 2680 1463 2751; x_wconf 91' lang='grc' dir='ltr'><strong>νε.</strong></span> <span class='ocrx_word' id='word_1_272' title='bbox 1482 2679 1570 2753; x_wconf 83' lang='grc'><strong>606.</strong></span> <span class='ocrx_word' id='word_1_273' title='bbox 1595 2684 1756 2750; x_wconf 75' lang='lat' dir='ltr'><strong>Dormiat</strong></span> <span class='ocrx_word' id='word_1_274' title='bbox 1771 2673 1878 2775; x_wconf 74' lang='lat' dir='ltr'><strong>ostro]</strong></span> <span class='ocrx_word' id='word_1_275' title='bbox 1901 2680 1938 2747; x_wconf 89' lang='lat' dir='ltr'><strong>id</strong></span> <span class='ocrx_word' id='word_1_276' title='bbox 1953 2692 2024 2762; x_wconf 88' lang='lat' dir='ltr'><strong>est,</strong></span> <span class='ocrx_word' id='word_1_277' title='bbox 2051 2692 2092 2747; x_wconf 92' lang='lat' dir='ltr'><strong>ut</strong></span> <span class='ocrx_word' id='word_1_278' title='bbox 2105 2681 2204 2749; x_wconf 86' lang='lat' dir='ltr'><strong>dives</strong></span> <span class='ocrx_word' id='word_1_279' title='bbox 2218 2681 2290 2748; x_wconf 85' lang='lat' dir='ltr'><strong>fiat.</strong></span> 
     </span>
    </p>

    <p class='ocr_par' dir='ltr' id='par_1_10' title="bbox 260 2774 2289 3177">
     <span class='ocr_line' id='line_1_25' title="bbox 363 2774 2255 2873; baseline 0 -23"><span class='ocrx_word' id='word_1_280' title='bbox 363 2779 424 2850; x_wconf 83' lang='lat' dir='ltr'><strong>Vs.</strong></span> <span class='ocrx_word' id='word_1_281' title='bbox 442 2778 529 2849; x_wconf 71' lang='lat'><strong>472.</strong></span> <span class='ocrx_word' id='word_1_282' title='bbox 558 2781 602 2845; x_wconf 83' lang='lat' dir='ltr'><strong>Et</strong></span> <span class='ocrx_word' id='word_1_283' title='bbox 619 2778 753 2863; x_wconf 77' lang='lat' dir='ltr'><strong>patiens</strong></span> <span class='ocrx_word' id='word_1_284' title='bbox 772 2775 920 2866; x_wconf 80' lang='lat' dir='ltr'><strong>operum]</strong></span> <span class='ocrx_word' id='word_1_285' title='bbox 946 2774 1012 2842; x_wconf 86' lang='lat' dir='ltr'><strong>Hic</strong></span> <span class='ocrx_word' id='word_1_286' title='bbox 1029 2796 1150 2842; x_wconf 81' lang='lat' dir='ltr'><strong>versus</strong></span> <span class='ocrx_word' id='word_1_287' title='bbox 1166 2796 1250 2839; x_wconf 83' lang='lat' dir='ltr'><strong>con·</strong></span> <span class='ocrx_word' id='word_1_288' title='bbox 1274 2810 1277 2869; x_wconf 88' lang='lat' dir='ltr'><strong>t</strong></span> <span class='ocrx_word' id='word_1_289' title='bbox 1404 2783 1465 2853; x_wconf 81' lang='lat' dir='ltr'><strong>Vs.</strong></span> <span class='ocrx_word' id='word_1_290' title='bbox 1483 2782 1570 2853; x_wconf 77' lang='lat'><strong>608.</strong></span> <span class='ocrx_word' id='word_1_291' title='bbox 1592 2781 1743 2873; x_wconf 69' lang='lat' dir='ltr'><strong>Rostris]</strong></span> <span class='ocrx_word' id='word_1_292' title='bbox 1766 2780 1887 2862; x_wconf 83' lang='lat' dir='ltr'><strong>idest,</strong></span> <span class='ocrx_word' id='word_1_293' title='bbox 1909 2779 1950 2846; x_wconf 84' lang='lat' dir='ltr'><strong>in</strong></span> <span class='ocrx_word' id='word_1_294' title='bbox 1966 2780 2210 2849; x_wconf 77' lang='lat' dir='ltr'><strong>concionibus.</strong></span> <span class='ocrx_word' id='word_1_295' title='bbox 2250 2830 2255 2839; x_wconf 83' lang='lat'><strong>.</strong></span> 
     </span>
     <span class='ocr_line' id='line_1_26' title="bbox 260 2874 2249 2975; baseline -0.006 -22"><span class='ocrx_word' id='word_1_296' title='bbox 260 2884 350 2953; x_wconf 92' lang='lat' dir='ltr'><strong>tinet</strong></span> <span class='ocrx_word' id='word_1_297' title='bbox 371 2885 458 2951; x_wconf 91' lang='lat' dir='ltr'><strong>duas</strong></span> <span class='ocrx_word' id='word_1_298' title='bbox 484 2880 654 2957; x_wconf 87' lang='lat' dir='ltr'><strong>virtutes,</strong></span> <span class='ocrx_word' id='word_1_299' title='bbox 681 2876 833 2969; x_wconf 79' lang='lat' dir='ltr'><strong>quae⁴⁰)</strong></span> <span class='ocrx_word' id='word_1_300' title='bbox 856 2880 986 2945; x_wconf 88' lang='lat' dir='ltr'><strong>debent</strong></span> <span class='ocrx_word' id='word_1_301' title='bbox 1012 2900 1085 2945; x_wconf 88' lang='lat' dir='ltr'><strong>esse</strong></span> <span class='ocrx_word' id='word_1_302' title='bbox 1109 2874 1250 2955; x_wconf 89' lang='lat' dir='ltr'><strong>inillis,</strong></span> <span class='ocrx_word' id='word_1_303' title='bbox 1273 2880 1277 2957; x_wconf 74' lang='lat' dir='ltr'><strong>i</strong></span> <span class='ocrx_word' id='word_1_304' title='bbox 1404 2884 1465 2956; x_wconf 63' lang='lat' dir='ltr'><strong>Vs,</strong></span> <span class='ocrx_word' id='word_1_305' title='bbox 1481 2884 1569 2955; x_wconf 79' lang='lat'><strong>509,</strong></span> <span class='ocrx_word' id='word_1_306' title='bbox 1597 2886 1742 2975; x_wconf 59' lang='lat' dir='ltr'><strong>cupieos]</strong></span> <span class='ocrx_word' id='word_1_307' title='bbox 1764 2880 1913 2961; x_wconf 75' lang='lat' dir='ltr'><strong>scilicet,</strong></span> <span class='ocrx_word' id='word_1_308' title='bbox 1936 2882 2061 2972; x_wconf 80' lang='lat' dir='ltr'><strong>populi</strong></span> <span class='ocrx_word' id='word_1_309' title='bbox 2078 2879 2249 2949; x_wconf 80' lang='lat' dir='ltr'><strong>Romani.</strong></span> 
     </span>
     <span class='ocr_line' id='line_1_27' title="bbox 262 2979 2289 3081; baseline -0.007 -25"><span class='ocrx_word' id='word_1_310' title='bbox 262 2987 324 3081; x_wconf 90' lang='lat' dir='ltr'><strong>qui</strong></span> <span class='ocrx_word' id='word_1_311' title='bbox 348 2982 563 3053; x_wconf 82' lang='lat' dir='ltr'><strong>adhibentur</strong></span> <span class='ocrx_word' id='word_1_312' title='bbox 589 2983 634 3046; x_wconf 93' lang='lat' dir='ltr'><strong>ad</strong></span> <span class='ocrx_word' id='word_1_313' title='bbox 657 3002 713 3047; x_wconf 92' lang='lat' dir='ltr'><strong>res</strong></span> <span class='ocrx_word' id='word_1_314' title='bbox 736 2979 1006 3066; x_wconf 87' lang='lat' dir='ltr'><strong>gubernandas,</strong></span> <span class='ocrx_word' id='word_1_315' title='bbox 1047 2988 1249 3066; x_wconf 89' lang='lat' dir='ltr'><strong>temperan-</strong></span> <span class='ocrx_word' id='word_1_316' title='bbox 1404 2987 1463 3057; x_wconf 74' lang='lat' dir='ltr'><strong>Vs,</strong></span> <span class='ocrx_word' id='word_1_317' title='bbox 1482 2986 1568 3061; x_wconf 71' lang='lat'><strong>522,</strong></span> <span class='ocrx_word' id='word_1_318' title='bbox 1595 2982 1907 3074; x_wconf 61' lang='lat' dir='ltr'><strong>1t15153inaprieio]</strong></span> <span class='ocrx_word' id='word_1_319' title='bbox 1933 2983 1999 3052; x_wconf 76' lang='lat' dir='ltr'><strong>Hic</strong></span> <span class='ocrx_word' id='word_1_320' title='bbox 2022 2982 2216 3052; x_wconf 67' lang='lat' dir='ltr'><strong>versiculus</strong></span> <span class='ocrx_word' id='word_1_321' title='bbox 2234 2994 2289 3052; x_wconf 67' lang='grc' dir='ltr'><strong>εει</strong></span> 
     </span>
     <span class='ocr_line' id='line_1_28' title="bbox 261 3081 1932 3177; baseline -0.01 -20"><span class='ocrx_word' id='word_1_322' title='bbox 261 3090 349 3156; x_wconf 85' lang='lat' dir='ltr'><strong>tianr</strong></span> <span class='ocrx_word' id='word_1_323' title='bbox 367 3100 402 3154; x_wconf 88' lang='grc' dir='ltr'><strong>ει</strong></span> <span class='ocrx_word' id='word_1_324' title='bbox 419 3082 645 3153; x_wconf 83' lang='lat' dir='ltr'><strong>tolerantiam</strong></span> <span class='ocrx_word' id='word_1_325' title='bbox 664 3081 841 3147; x_wconf 80' lang='lat' dir='ltr'><strong>laborum.</strong></span> <span class='ocrx_word' id='word_1_326' title='bbox 1303 3081 1488 3177; x_wconf 66' lang='lat' dir='ltr'><strong>physicus,</strong></span> <span class='ocrx_word' id='word_1_327' title='bbox 1523 3084 1718 3158; x_wconf 61' lang='lat' dir='ltr'><strong>Columella</strong></span> <span class='ocrx_word' id='word_1_328' title='bbox 1736 3111 1817 3154; x_wconf 67' lang='lat' dir='ltr'><strong>eum</strong></span> <span class='ocrx_word' id='word_1_329' title='bbox 1836 3084 1932 3153; x_wconf 73' lang='lat' dir='ltr'><strong>citat,</strong></span> 
     </span>
    </p>
   </div>
   <div class='ocr_carea' id='block_1_3' title="bbox 366 3140 2141 3319">
    <p class='ocr_par' dir='ltr' id='par_1_11' title="bbox 366 3140 2141 3319">
     <span class='ocr_line' id='line_1_29' title="bbox 366 3140 2141 3319; baseline 0.01 -66"><span class='ocrx_word' id='word_1_330' title='bbox 366 3187 426 3256; x_wconf 91' lang='grc' dir='ltr'><strong>νε.</strong></span> <span class='ocrx_word' id='word_1_331' title='bbox 443 3182 529 3255; x_wconf 86' lang='grc'><strong>474.</strong></span> <span class='ocrx_word' id='word_1_332' title='bbox 565 3175 720 3274; x_wconf 79' lang='lat' dir='ltr'><strong>lustitia]</strong></span> <span class='ocrx_word' id='word_1_333' title='bbox 756 3181 889 3246; x_wconf 86' lang='lat' dir='ltr'><strong>Poetae</strong></span> <span class='ocrx_word' id='word_1_334' title='bbox 912 3180 1052 3269; x_wconf 86' lang='lat' dir='ltr'><strong>lingunt</strong></span> <span class='ocrx_word' id='word_1_335' title='bbox 1080 3177 1138 3271; x_wconf 86' lang='lat' dir='ltr'><strong>(ut</strong></span> <span class='ocrx_word' id='word_1_336' title='bbox 1159 3179 1277 3319; x_wconf 66' lang='lat' dir='ltr'><strong>Ara-p</strong></span> <span class='ocrx_word' id='word_1_337' title='bbox 1403 3208 1465 3278; x_wconf 73' lang='lat' dir='ltr'><strong>Vs,</strong></span> <span class='ocrx_word' id='word_1_338' title='bbox 1484 3205 1571 3282; x_wconf 73' lang='lat'><strong>528.</strong></span> <span class='ocrx_word' id='word_1_339' title='bbox 1601 3200 1786 3301; x_wconf 76' lang='lat' dir='ltr'><strong>Coronant]</strong></span> <span class='ocrx_word' id='word_1_340' title='bbox 1815 3204 1937 3286; x_wconf 86' lang='lat' dir='ltr'><strong>idest,</strong></span> <span class='ocrx_word' id='word_1_341' title='bbox 1962 3140 2141 3292; x_wconf 29' lang='lat' dir='ltr'><strong>implent..</strong></span> 
     </span>
    </p>
   </div>
   <div class='ocr_carea' id='block_1_4' title="bbox 262 3280 2289 3500">
    <p class='ocr_par' dir='ltr' id='par_1_12' title="bbox 262 3280 2289 3500">
     <span class='ocr_line' id='line_1_30' title="bbox 262 3280 2289 3439; baseline 0.015 -79"><span class='ocrx_word' id='word_1_342' title='bbox 262 3290 354 3382; x_wconf 88' lang='lat' dir='ltr'><strong>tus),</strong></span> <span class='ocrx_word' id='word_1_343' title='bbox 382 3289 477 3379; x_wconf 91' lang='lat' dir='ltr'><strong>quod</strong></span> <span class='ocrx_word' id='word_1_344' title='bbox 494 3282 626 3350; x_wconf 90' lang='lat' dir='ltr'><strong>institia</strong></span> <span class='ocrx_word' id='word_1_345' title='bbox 644 3281 785 3395; x_wconf 28' lang='lat' dir='ltr'><strong>enterris</strong></span> <span class='ocrx_word' id='word_1_346' title='bbox 799 3280 1001 3362; x_wconf 86' lang='lat' dir='ltr'><strong>discedens,</strong></span> <span class='ocrx_word' id='word_1_347' title='bbox 1023 3280 1277 3439; x_wconf 70' lang='lat' dir='ltr'><strong>&#39;aliquamdiul</strong></span> <span class='ocrx_word' id='word_1_348' title='bbox 1402 3328 1451 3398; x_wconf 80' lang='lat' dir='ltr'><strong>Vs</strong></span> <span class='ocrx_word' id='word_1_349' title='bbox 1486 3326 1562 3399; x_wconf 78' lang='lat'><strong>533</strong></span> <span class='ocrx_word' id='word_1_350' title='bbox 1609 3331 1671 3397; x_wconf 84' lang='lat' dir='ltr'><strong>Sic</strong></span> <span class='ocrx_word' id='word_1_351' title='bbox 1696 3320 1818 3414; x_wconf 76' lang='lat' dir='ltr'><strong>sortiel</strong></span> <span class='ocrx_word' id='word_1_352' title='bbox 1860 3320 1992 3392; x_wconf 85' lang='lat' dir='ltr'><strong>scilicet</strong></span> <span class='ocrx_word' id='word_1_353' title='bbox 2016 3344 2081 3411; x_wconf 90' lang='lat' dir='ltr'><strong>per</strong></span> <span class='ocrx_word' id='word_1_354' title='bbox 2116 3322 2289 3413; x_wconf 77' lang='lat' dir='ltr'><strong>agricolas</strong></span> 
     </span>
     <span class='ocr_line' id='line_1_31' title="bbox 262 3375 2143 3500; baseline -0.031 -37"><span class='ocrx_word' id='word_1_355' title='bbox 262 3393 356 3485; x_wconf 80' lang='lat' dir='ltr'><strong>apud</strong></span> <span class='ocrx_word' id='word_1_356' title='bbox 373 3387 523 3456; x_wconf 89' lang='lat' dir='ltr'><strong>rusticos</strong></span> <span class='ocrx_word' id='word_1_357' title='bbox 538 3378 712 3462; x_wconf 80' lang='lat' dir='ltr'><strong>haeserit,</strong></span> <span class='ocrx_word' id='word_1_358' title='bbox 747 3393 781 3448; x_wconf 90' lang='grc' dir='ltr'><strong>ει</strong></span> <span class='ocrx_word' id='word_1_359' title='bbox 796 3384 1005 3450; x_wconf 88' lang='lat' dir='ltr'><strong>concionata</strong></span> <span class='ocrx_word' id='word_1_360' title='bbox 1021 3384 1068 3450; x_wconf 86' lang='lat' dir='ltr'><strong>sit</strong></span> <span class='ocrx_word' id='word_1_361' title='bbox 1083 3382 1153 3463; x_wconf 86' lang='lat' dir='ltr'><strong>eis,</strong></span> <span class='ocrx_word' id='word_1_362' title='bbox 1184 3394 1249 3451; x_wconf 87' lang='lat' dir='ltr'><strong>etc.</strong></span> <span class='ocrx_word' id='word_1_363' title='bbox 1273 3446 1277 3497; x_wconf 70' lang='grc' dir='ltr'>Ι</span> <span class='ocrx_word' id='word_1_364' title='bbox 1302 3430 1424 3500; x_wconf 45' lang='lat' dir='ltr'><strong>crevit·</strong></span> <span class='ocrx_word' id='word_1_365' title='bbox 1454 3379 1463 3398; x_wconf 84' lang='lat'><em>⁰</em></span> <span class='ocrx_word' id='word_1_366' title='bbox 1565 3379 1573 3397; x_wconf 90' lang='grc'><em>·</em></span> <span class='ocrx_word' id='word_1_367' title='bbox 1801 3375 1817 3421; x_wconf 79' lang='grc' dir='ltr'>ι</span> <span class='ocrx_word' id='word_1_368' title='bbox 1923 3434 1926 3439; x_wconf 15' lang='grc' dir='ltr'><strong>Δ</strong></span> <span class='ocrx_word' id='word_1_369' title='bbox 2139 3428 2143 3433; x_wconf 27' lang='grc' dir='ltr'>Ι</span> 
     </span>
    </p>
   </div>
   <div class='ocr_carea' id='block_1_5' title="bbox 248 3483 2288 3740">
    <p class='ocr_par' dir='ltr' id='par_1_13' title="bbox 248 3483 2288 3740">
     <span class='ocr_line' id='line_1_32' title="bbox 248 3485 2192 3564; baseline -0.005 -8"><span class='ocrx_word' id='word_1_370' title='bbox 248 3516 253 3525; x_wconf 96' lang='grc'><strong><em>·</em></strong></span> <span class='ocrx_word' id='word_1_371' title='bbox 364 3488 425 3560; x_wconf 86' lang='grc' dir='ltr'><strong>νε.</strong></span> <span class='ocrx_word' id='word_1_372' title='bbox 442 3485 534 3557; x_wconf 70' lang='grc'><strong>476.</strong></span> <span class='ocrx_word' id='word_1_373' title='bbox 594 3507 714 3553; x_wconf 78' lang='lat' dir='ltr'><strong>iturum</strong></span> <span class='ocrx_word' id='word_1_374' title='bbox 740 3507 840 3552; x_wconf 72' lang='lat' dir='ltr'><strong>sacra</strong></span> <span class='ocrx_word' id='word_1_375' title='bbox 878 3508 934 3552; x_wconf 86' lang='lat' dir='ltr'><strong>ero</strong></span> <span class='ocrx_word' id='word_1_376' title='bbox 985 3485 1022 3552; x_wconf 92' lang='lat' dir='ltr'><strong>id</strong></span> <span class='ocrx_word' id='word_1_377' title='bbox 1049 3496 1101 3553; x_wconf 86' lang='lat' dir='ltr'><strong>est</strong></span> <span class='ocrx_word' id='word_1_378' title='bbox 1151 3497 1276 3552; x_wconf 76' lang='lat' dir='ltr'><strong>ante-³</strong></span> <span class='ocrx_word' id='word_1_379' title='bbox 1788 3549 1795 3564; x_wconf 76' lang='grc'>,</span> <span class='ocrx_word' id='word_1_380' title='bbox 1979 3543 1989 3559; x_wconf 83' lang='grc'>,</span> <span class='ocrx_word' id='word_1_381' title='bbox 2063 3550 2069 3559; x_wconf 70' lang='grc'>,</span> <span class='ocrx_word' id='word_1_382' title='bbox 2116 3543 2125 3559; x_wconf 83' lang='grc'>,</span> <span class='ocrx_word' id='word_1_383' title='bbox 2184 3522 2192 3545; x_wconf 92' lang='grc'><strong>.-</strong></span> 
     </span>
     <span class='ocr_line' id='line_1_33' title="bbox 259 3483 2288 3740; baseline -0.006 -76"><span class='ocrx_word' id='word_1_384' title='bbox 259 3596 337 3664; x_wconf 85' lang='lat' dir='ltr'><strong>sero</strong></span> <span class='ocrx_word' id='word_1_385' title='bbox 353 3591 489 3671; x_wconf 86' lang='lat' dir='ltr'><strong>studia,</strong></span> <span class='ocrx_word' id='word_1_386' title='bbox 514 3486 672 3675; x_wconf 71' lang='lat' dir='ltr'><strong>sedQPost</strong></span> <span class='ocrx_word' id='word_1_387' title='bbox 686 3586 802 3654; x_wconf 90' lang='lat' dir='ltr'><strong>studia</strong></span> <span class='ocrx_word' id='word_1_388' title='bbox 819 3483 1034 3676; x_wconf 56' lang='lat' dir='ltr'><strong>malgislamo</strong></span> <span class='ocrx_word' id='word_1_389' title='bbox 1059 3536 1249 3675; x_wconf 74' lang='lat' dir='ltr'><strong>agiicultu·</strong></span> <span class='ocrx_word' id='word_1_390' title='bbox 1272 3558 1276 3657; x_wconf 89' lang='lat' dir='ltr'><strong>l</strong></span> <span class='ocrx_word' id='word_1_391' title='bbox 1302 3665 1378 3720; x_wconf 63' lang='lat' dir='ltr'><strong>emt</strong></span> <span class='ocrx_word' id='word_1_392' title='bbox 1401 3545 1564 3721; x_wconf 46' lang='grc' dir='ltr'><strong>ζῖῐῗξῗ·</strong></span> <span class='ocrx_word' id='word_1_393' title='bbox 1591 3542 1750 3734; x_wconf 33' lang='lat' dir='ltr'><strong>citimi]</strong></span> <span class='ocrx_word' id='word_1_394' title='bbox 1785 3549 2027 3740; x_wconf 49' lang='grc' dir='ltr'><strong>’ῗέξὲἱὲὺέΠῖ</strong></span> <span class='ocrx_word' id='word_1_395' title='bbox 2041 3544 2288 3729; x_wconf 40' lang='lat' dir='ltr'><strong>affigam?</strong></span> 
     </span>
    </p>
   </div>
   <div class='ocr_carea' id='block_1_6' title="bbox 260 3688 1508 3837">
    <p class='ocr_par' dir='ltr' id='par_1_14' title="bbox 260 3688 1508 3837">
     <span class='ocr_line' id='line_1_34' title="bbox 260 3688 1496 3823; baseline -0.006 -59"><span class='ocrx_word' id='word_1_396' title='bbox 260 3718 359 3776; x_wconf 85' lang='lat' dir='ltr'><strong>ram,</strong></span> <span class='ocrx_word' id='word_1_397' title='bbox 385 3716 494 3788; x_wconf 88' lang='lat' dir='ltr'><strong>quarn</strong></span> <span class='ocrx_word' id='word_1_398' title='bbox 510 3689 647 3781; x_wconf 91' lang='lat' dir='ltr'><strong>reliqua</strong></span> <span class='ocrx_word' id='word_1_399' title='bbox 667 3688 762 3755; x_wconf 84' lang='lat' dir='ltr'><strong>vitae</strong></span> <span class='ocrx_word' id='word_1_400' title='bbox 781 3710 925 3777; x_wconf 85' lang='lat' dir='ltr'><strong>genera.</strong></span> <span class='ocrx_word' id='word_1_401' title='bbox 1300 3753 1393 3822; x_wconf 57' lang='lat' dir='ltr'><strong>bem</strong></span> <span class='ocrx_word' id='word_1_402' title='bbox 1442 3768 1496 3823; x_wconf 62' lang='lat' dir='ltr'><strong>etc</strong></span> 
     </span>
     <span class='ocr_line' id='line_1_35' title="bbox 1244 3798 1508 3837; baseline 0 -12"><span class='ocrx_word' id='word_1_403' title='bbox 1244 3816 1248 3825; x_wconf 84' lang='lat'><strong>.</strong></span> <span class='ocrx_word' id='word_1_404' title='bbox 1374 3798 1415 3837; x_wconf 86' lang='lat'><strong>‹,</strong></span> <span class='ocrx_word' id='word_1_405' title='bbox 1499 3805 1508 3825; x_wconf 76' lang='grc' dir='ltr'><strong><em>ο</em></strong></span> 
     </span>
    </p>
   </div>
   <div class='ocr_carea' id='block_1_7' title="bbox 294 3866 2042 3975">
    <p class='ocr_par' dir='ltr' id='par_1_15' title="bbox 294 3866 2042 3975">
     <span class='ocr_line' id='line_1_36' title="bbox 294 3866 2042 3975; baseline -0.014 -15"><span class='ocrx_word' id='word_1_406' title='bbox 294 3910 344 3969; x_wconf 76' lang='grc' dir='ltr'>ιο)</span> <span class='ocrx_word' id='word_1_407' title='bbox 360 3906 442 3975; x_wconf 76' lang='lat' dir='ltr'><strong>quae]</strong></span> <span class='ocrx_word' id='word_1_408' title='bbox 462 3908 512 3960; x_wconf 77' lang='lat' dir='ltr'><strong>ut.</strong></span> <span class='ocrx_word' id='word_1_409' title='bbox 530 3908 606 3959; x_wconf 73' lang='lat' dir='ltr'><strong>lass.</strong></span> <span class='ocrx_word' id='word_1_410' title='bbox 627 3906 726 3957; x_wconf 80' lang='lat' dir='ltr'><strong>nendo</strong></span> <span class='ocrx_word' id='word_1_411' title='bbox 744 3908 874 3971; x_wconf 77' lang='lat' dir='ltr'><strong>typogr.:</strong></span> <span class='ocrx_word' id='word_1_412' title='bbox 899 3905 953 3969; x_wconf 72' lang='lat' dir='ltr'><strong>qui.</strong></span> <span class='ocrx_word' id='word_1_413' title='bbox 1239 3938 1242 3943; x_wconf 82' lang='lat'><strong>.</strong></span> <span class='ocrx_word' id='word_1_414' title='bbox 1400 3870 1461 3941; x_wconf 89' lang='grc' dir='ltr'><strong>νε.</strong></span> <span class='ocrx_word' id='word_1_415' title='bbox 1477 3867 1563 3943; x_wconf 71' lang='grc'><strong>547.</strong></span> <span class='ocrx_word' id='word_1_416' title='bbox 1592 3866 1739 3967; x_wconf 76' lang='lat' dir='ltr'><strong>Equum]</strong></span> <span class='ocrx_word' id='word_1_417' title='bbox 1770 3894 1834 3961; x_wconf 91' lang='lat' dir='ltr'><strong>pro</strong></span> <span class='ocrx_word' id='word_1_418' title='bbox 1855 3890 2042 3959; x_wconf 80' lang='lat' dir='ltr'><strong>equorum.</strong></span> 
     </span>
    </p>
   </div>
   <div class='ocr_carea' id='block_1_8' title="bbox 843 4172 1705 4268">
    <p class='ocr_par' dir='ltr' id='par_1_16' title="bbox 843 4172 1705 4268">
     <span class='ocr_line' id='line_1_37' title="bbox 843 4172 1705 4268; baseline 0.002 -26"><span class='ocrx_word' id='word_1_419' title='bbox 843 4175 890 4243; x_wconf 92' lang='lat' dir='ltr'><strong>ln</strong></span> <span class='ocrx_word' id='word_1_420' title='bbox 923 4176 1093 4246; x_wconf 89' lang='lat' dir='ltr'><strong>librum</strong></span> <span class='ocrx_word' id='word_1_421' title='bbox 1119 4175 1178 4249; x_wconf 90' lang='lat' dir='ltr'><strong>lll.</strong></span> <span class='ocrx_word' id='word_1_422' title='bbox 1212 4177 1472 4268; x_wconf 85' lang='lat' dir='ltr'><strong>Georgicon</strong></span> <span class='ocrx_word' id='word_1_423' title='bbox 1499 4172 1705 4266; x_wconf 83' lang='lat' dir='ltr'><strong>Virgilii.</strong></span> 
     </span>
    </p>
   </div>
   <div class='ocr_carea' id='block_1_9' title="bbox 254 4373 2287 5213">
    <p class='ocr_par' dir='ltr' id='par_1_17' title="bbox 254 4373 2287 5089">
     <span class='ocr_line' id='line_1_38' title="bbox 361 4373 2285 4475; baseline 0 -26"><span class='ocrx_word' id='word_1_424' title='bbox 361 4377 505 4449; x_wconf 83' lang='lat' dir='ltr'><strong>Tertius</strong></span> <span class='ocrx_word' id='word_1_425' title='bbox 520 4379 611 4448; x_wconf 89' lang='lat' dir='ltr'><strong>liber</strong></span> <span class='ocrx_word' id='word_1_426' title='bbox 626 4374 735 4447; x_wconf 89' lang='lat' dir='ltr'><strong>habet</strong></span> <span class='ocrx_word' id='word_1_427' title='bbox 755 4373 1013 4468; x_wconf 82' lang='lat' dir='ltr'><strong>pulcherrimas</strong></span> <span class='ocrx_word' id='word_1_428' title='bbox 1037 4382 1245 4473; x_wconf 78' lang='lat' dir='ltr'><strong>deseriptio·</strong></span> <span class='ocrx_word' id='word_1_429' title='bbox 1297 4382 1428 4475; x_wconf 89' lang='lat' dir='ltr'><strong>pitec¹)</strong></span> <span class='ocrx_word' id='word_1_430' title='bbox 1453 4379 1624 4470; x_wconf 82' lang='lat' dir='ltr'><strong>relegavit</strong></span> <span class='ocrx_word' id='word_1_431' title='bbox 1649 4402 1751 4463; x_wconf 79' lang='grc' dir='ltr'>ειιιιι,</span> <span class='ocrx_word' id='word_1_432' title='bbox 1795 4394 1870 4451; x_wconf 88' lang='grc' dir='ltr'><strong>ειε</strong></span> <span class='ocrx_word' id='word_1_433' title='bbox 1901 4383 2000 4453; x_wconf 87' lang='lat' dir='ltr'><strong>coelo</strong></span> <span class='ocrx_word' id='word_1_434' title='bbox 2026 4380 2140 4453; x_wconf 86' lang='lat' dir='ltr'><strong>eiecit.</strong></span> <span class='ocrx_word' id='word_1_435' title='bbox 2206 4381 2285 4450; x_wconf 80' lang='lat' dir='ltr'><strong>llcx</strong></span> 
     </span>
     <span class='ocr_line' id='line_1_39' title="bbox 258 4480 2284 4579; baseline 0 -26"><span class='ocrx_word' id='word_1_436' title='bbox 258 4508 322 4554; x_wconf 90' lang='lat' dir='ltr'><strong>nes</strong></span> <span class='ocrx_word' id='word_1_437' title='bbox 356 4482 595 4551; x_wconf 89' lang='lat' dir='ltr'><strong>animantium</strong></span> <span class='ocrx_word' id='word_1_438' title='bbox 627 4483 873 4574; x_wconf 89' lang='lat' dir='ltr'><strong>quorundam;</strong></span> <span class='ocrx_word' id='word_1_439' title='bbox 914 4496 949 4552; x_wconf 91' lang='lat' dir='ltr'><strong>et</strong></span> <span class='ocrx_word' id='word_1_440' title='bbox 982 4496 1036 4555; x_wconf 86' lang='lat' dir='ltr'><strong>est</strong></span> <span class='ocrx_word' id='word_1_441' title='bbox 1068 4488 1244 4579; x_wconf 87' lang='lat' dir='ltr'><strong>quaedam</strong></span> <span class='ocrx_word' id='word_1_442' title='bbox 1298 4484 1563 4553; x_wconf 82' lang='lat' dir='ltr'><strong>veroAdmetus</strong></span> <span class='ocrx_word' id='word_1_443' title='bbox 1577 4480 1780 4570; x_wconf 85' lang='lat' dir='ltr'><strong>Apollinem</strong></span> <span class='ocrx_word' id='word_1_444' title='bbox 1799 4485 1953 4576; x_wconf 85' lang='lat' dir='ltr'><strong>excepit,</strong></span> <span class='ocrx_word' id='word_1_445' title='bbox 1980 4498 2015 4554; x_wconf 89' lang='lat' dir='ltr'><strong>ct</strong></span> <span class='ocrx_word' id='word_1_446' title='bbox 2028 4486 2079 4553; x_wconf 90' lang='lat' dir='ltr'><strong>rei</strong></span> <span class='ocrx_word' id='word_1_447' title='bbox 2095 4483 2284 4575; x_wconf 88' lang='lat' dir='ltr'><strong>pecuariae</strong></span> 
     </span>
     <span class='ocr_line' id='line_1_40' title="bbox 257 4580 2285 4679; baseline -0.002 -23"><span class='ocrx_word' id='word_1_448' title='bbox 257 4610 342 4679; x_wconf 88' lang='lat' dir='ltr'><strong>pars</strong></span> <span class='ocrx_word' id='word_1_449' title='bbox 359 4583 539 4678; x_wconf 85' lang='lat' dir='ltr'><strong>physices,</strong></span> <span class='ocrx_word' id='word_1_450' title='bbox 565 4584 655 4655; x_wconf 88' lang='lat' dir='ltr'><strong>scire</strong></span> <span class='ocrx_word' id='word_1_451' title='bbox 668 4580 815 4655; x_wconf 81' lang='lat' dir='ltr'><strong>naturas</strong></span> <span class='ocrx_word' id='word_1_452' title='bbox 836 4585 1089 4673; x_wconf 76' lang='lat' dir='ltr'><strong>animantium,</strong></span> <span class='ocrx_word' id='word_1_453' title='bbox 1139 4588 1245 4659; x_wconf 86' lang='lat' dir='ltr'><strong>Sunt·</strong></span> <span class='ocrx_word' id='word_1_454' title='bbox 1297 4584 1484 4679; x_wconf 78' lang='lat' dir='ltr'><strong>praefecit,</strong></span> <span class='ocrx_word' id='word_1_455' title='bbox 1525 4584 1573 4652; x_wconf 92' lang='lat' dir='ltr'><strong>ibi</strong></span> <span class='ocrx_word' id='word_1_456' title='bbox 1596 4608 1726 4653; x_wconf 88' lang='lat' dir='ltr'><strong>novem</strong></span> <span class='ocrx_word' id='word_1_457' title='bbox 1751 4610 1866 4657; x_wconf 88' lang='lat' dir='ltr'><strong>annos</strong></span> <span class='ocrx_word' id='word_1_458' title='bbox 1891 4587 1966 4658; x_wconf 89' lang='lat' dir='ltr'><strong>eius</strong></span> <span class='ocrx_word' id='word_1_459' title='bbox 1989 4599 2148 4657; x_wconf 86' lang='lat' dir='ltr'><strong>armenta</strong></span> <span class='ocrx_word' id='word_1_460' title='bbox 2170 4585 2285 4676; x_wconf 88' lang='lat' dir='ltr'><strong>pavit,</strong></span> 
     </span>
     <span class='ocr_line' id='line_1_41' title="bbox 259 4686 2287 4783; baseline -0.001 -24"><span class='ocrx_word' id='word_1_461' title='bbox 259 4714 327 4783; x_wconf 88' lang='lat' dir='ltr'><strong>que</strong></span> <span class='ocrx_word' id='word_1_462' title='bbox 348 4688 487 4759; x_wconf 89' lang='lat' dir='ltr'><strong>naturis</strong></span> <span class='ocrx_word' id='word_1_463' title='bbox 512 4686 749 4757; x_wconf 87' lang='lat' dir='ltr'><strong>animantium</strong></span> <span class='ocrx_word' id='word_1_464' title='bbox 778 4712 907 4778; x_wconf 87' lang='lat' dir='ltr'><strong>magna</strong></span> <span class='ocrx_word' id='word_1_465' title='bbox 931 4690 1030 4781; x_wconf 86' lang='lat' dir='ltr'><strong>signa</strong></span> <span class='ocrx_word' id='word_1_466' title='bbox 1048 4691 1246 4781; x_wconf 81' lang='lat' dir='ltr'><strong>providen-</strong></span> <span class='ocrx_word' id='word_1_467' title='bbox 1298 4689 1380 4782; x_wconf 89' lang='lat' dir='ltr'><strong>quia</strong></span> <span class='ocrx_word' id='word_1_468' title='bbox 1400 4686 1485 4755; x_wconf 93' lang='lat' dir='ltr'><strong>olim</strong></span> <span class='ocrx_word' id='word_1_469' title='bbox 1503 4710 1603 4779; x_wconf 86' lang='lat' dir='ltr'><strong>reges</strong></span> <span class='ocrx_word' id='word_1_470' title='bbox 1619 4686 1813 4781; x_wconf 90' lang='lat' dir='ltr'><strong>plurimum</strong></span> <span class='ocrx_word' id='word_1_471' title='bbox 1834 4714 1872 4758; x_wconf 89' lang='lat' dir='ltr'><strong>rc</strong></span> <span class='ocrx_word' id='word_1_472' title='bbox 1893 4688 2061 4781; x_wconf 86' lang='lat' dir='ltr'><strong>pecuaria</strong></span> <span class='ocrx_word' id='word_1_473' title='bbox 2087 4712 2121 4759; x_wconf 89' lang='lat' dir='ltr'><strong>se</strong></span> <span class='ocrx_word' id='word_1_474' title='bbox 2143 4701 2287 4759; x_wconf 90' lang='lat' dir='ltr'><strong>susten-</strong></span> 
     </span>
     <span class='ocr_line' id='line_1_42' title="bbox 256 4787 2287 4887; baseline -0.001 -26"><span class='ocrx_word' id='word_1_475' title='bbox 256 4793 328 4861; x_wconf 88' lang='lat' dir='ltr'><strong>tiae</strong></span> <span class='ocrx_word' id='word_1_476' title='bbox 351 4793 494 4863; x_wconf 89' lang='lat' dir='ltr'><strong>divinae</strong></span> <span class='ocrx_word' id='word_1_477' title='bbox 516 4790 701 4881; x_wconf 85' lang='lat' dir='ltr'><strong>impressa.</strong></span> <span class='ocrx_word' id='word_1_478' title='bbox 758 4787 806 4859; x_wconf 87' lang='lat' dir='ltr'><strong>Et</strong></span> <span class='ocrx_word' id='word_1_479' title='bbox 829 4791 992 4877; x_wconf 83' lang='lat' dir='ltr'><strong>videmus</strong></span> <span class='ocrx_word' id='word_1_480' title='bbox 1014 4795 1243 4865; x_wconf 85' lang='lat' dir='ltr'><strong>Aristotelem</strong></span> <span class='ocrx_word' id='word_1_481' title='bbox 1297 4791 1440 4873; x_wconf 89' lang='lat' dir='ltr'><strong>tabant,</strong></span> <span class='ocrx_word' id='word_1_482' title='bbox 1467 4791 1559 4873; x_wconf 86' lang='lat' dir='ltr'><strong>sicut</strong></span> <span class='ocrx_word' id='word_1_483' title='bbox 1576 4790 1778 4877; x_wconf 77' lang='lat' dir='ltr'><strong>Herodotus</strong></span> <span class='ocrx_word' id='word_1_484' title='bbox 1801 4792 1943 4876; x_wconf 84' lang='lat' dir='ltr'><strong>scribit,</strong></span> <span class='ocrx_word' id='word_1_485' title='bbox 1977 4791 2072 4887; x_wconf 85' lang='lat' dir='ltr'><strong>Cyro</strong></span> <span class='ocrx_word' id='word_1_486' title='bbox 2097 4791 2194 4861; x_wconf 88' lang='lat' dir='ltr'><strong>nulla</strong></span> <span class='ocrx_word' id='word_1_487' title='bbox 2222 4791 2287 4859; x_wconf 89' lang='lat' dir='ltr'><strong>tri·</strong></span> 
     </span>
     <span class='ocr_line' id='line_1_43' title="bbox 256 4886 2287 4987; baseline 0 -26"><span class='ocrx_word' id='word_1_488' title='bbox 256 4917 385 4985; x_wconf 85' lang='lat' dir='ltr'><strong>magna</strong></span> <span class='ocrx_word' id='word_1_489' title='bbox 405 4894 587 4984; x_wconf 79' lang='lat' dir='ltr'><strong>diligentia</strong></span> <span class='ocrx_word' id='word_1_490' title='bbox 604 4915 678 4963; x_wconf 88' lang='lat' dir='ltr'><strong>esse</strong></span> <span class='ocrx_word' id='word_1_491' title='bbox 692 4894 921 4987; x_wconf 75' lang='lat' dir='ltr'><strong>complexum</strong></span> <span class='ocrx_word' id='word_1_492' title='bbox 937 4908 1085 4983; x_wconf 88' lang='lat' dir='ltr'><strong>naturas</strong></span> <span class='ocrx_word' id='word_1_493' title='bbox 1108 4896 1246 4964; x_wconf 88' lang='lat' dir='ltr'><strong>anima·</strong></span> <span class='ocrx_word' id='word_1_494' title='bbox 1296 4895 1380 4961; x_wconf 89' lang='lat' dir='ltr'><strong>buta</strong></span> <span class='ocrx_word' id='word_1_495' title='bbox 1399 4896 1482 4962; x_wconf 87' lang='lat' dir='ltr'><strong>data</strong></span> <span class='ocrx_word' id='word_1_496' title='bbox 1501 4917 1594 4975; x_wconf 86' lang='lat' dir='ltr'><strong>esse,</strong></span> <span class='ocrx_word' id='word_1_497' title='bbox 1620 4896 1679 4964; x_wconf 86' lang='lat' dir='ltr'><strong>sed</strong></span> <span class='ocrx_word' id='word_1_498' title='bbox 1697 4894 1868 4983; x_wconf 85' lang='lat' dir='ltr'><strong>plurimas</strong></span> <span class='ocrx_word' id='word_1_499' title='bbox 1883 4886 2047 4964; x_wconf 88' lang='lat' dir='ltr'><strong>babuisse</strong></span> <span class='ocrx_word' id='word_1_500' title='bbox 2065 4918 2209 4985; x_wconf 80' lang='lat' dir='ltr'><strong>greges,</strong></span> <span class='ocrx_word' id='word_1_501' title='bbox 2235 4893 2287 4963; x_wconf 86' lang='lat' dir='ltr'><strong>ita</strong></span> 
     </span>
     <span class='ocr_line' id='line_1_44' title="bbox 254 4993 2286 5089; baseline 0.002 -30"><span class='ocrx_word' id='word_1_502' title='bbox 254 4993 363 5078; x_wconf 90' lang='lat' dir='ltr'><strong>lium,</strong></span> <span class='ocrx_word' id='word_1_503' title='bbox 389 5011 424 5066; x_wconf 89' lang='lat' dir='ltr'><strong>et</strong></span> <span class='ocrx_word' id='word_1_504' title='bbox 442 5000 614 5089; x_wconf 89' lang='lat' dir='ltr'><strong>quasdam</strong></span> <span class='ocrx_word' id='word_1_505' title='bbox 631 4996 670 5064; x_wconf 91' lang='lat' dir='ltr'><strong>in</strong></span> <span class='ocrx_word' id='word_1_506' title='bbox 686 4995 737 5066; x_wconf 87' lang='lat' dir='ltr'><strong>eis</strong></span> <span class='ocrx_word' id='word_1_507' title='bbox 752 4997 913 5065; x_wconf 83' lang='lat' dir='ltr'><strong>virtutes.</strong></span> <span class='ocrx_word' id='word_1_508' title='bbox 1297 5009 1382 5064; x_wconf 92' lang='lat' dir='ltr'><strong>tunc</strong></span> <span class='ocrx_word' id='word_1_509' title='bbox 1405 4996 1583 5089; x_wconf 84' lang='lat' dir='ltr'><strong>principes</strong></span> <span class='ocrx_word' id='word_1_510' title='bbox 1608 4997 1835 5089; x_wconf 73' lang='lat' dir='ltr'><strong>pcaestaltant</strong></span> <span class='ocrx_word' id='word_1_511' title='bbox 1852 5008 1888 5063; x_wconf 93' lang='lat' dir='ltr'><strong>et</strong></span> <span class='ocrx_word' id='word_1_512' title='bbox 1902 4996 2120 5065; x_wconf 81' lang='lat' dir='ltr'><strong>excellebant</strong></span> <span class='ocrx_word' id='word_1_513' title='bbox 2139 4997 2286 5077; x_wconf 89' lang='lat' dir='ltr'><strong>virtute,</strong></span> 
     </span>
    </p>

    <p class='ocr_par' dir='ltr' id='par_1_18' title="bbox 357 5090 2284 5213">
     <span class='ocr_line' id='line_1_45' title="bbox 357 5090 2284 5213; baseline -0.007 -36"><span class='ocrx_word' id='word_1_514' title='bbox 357 5112 417 5182; x_wconf 89' lang='lat' dir='ltr'><strong>Vs.</strong></span> <span class='ocrx_word' id='word_1_515' title='bbox 439 5119 471 5184; x_wconf 89' lang='lat'><strong>1.</strong></span> <span class='ocrx_word' id='word_1_516' title='bbox 496 5112 613 5213; x_wconf 84' lang='lat' dir='ltr'><strong>Pales]</strong></span> <span class='ocrx_word' id='word_1_517' title='bbox 643 5116 718 5185; x_wconf 88' lang='lat' dir='ltr'><strong>Dea</strong></span> <span class='ocrx_word' id='word_1_518' title='bbox 736 5129 934 5206; x_wconf 86' lang='lat' dir='ltr'><strong>pastorum.</strong></span> <span class='ocrx_word' id='word_1_519' title='bbox 1177 5150 1181 5157; x_wconf 90' lang='lat'>-</span> <span class='ocrx_word' id='word_1_520' title='bbox 1296 5122 1371 5169; x_wconf 91' lang='lat' dir='ltr'><strong>non</strong></span> <span class='ocrx_word' id='word_1_521' title='bbox 1394 5090 1545 5189; x_wconf 71' lang='lat' dir='ltr'><strong>opibus.</strong></span> <span class='ocrx_word' id='word_1_522' title='bbox 1590 5097 1764 5195; x_wconf 72' lang='lat' dir='ltr'><strong>Sodpost</strong></span> <span class='ocrx_word' id='word_1_523' title='bbox 1783 5096 1937 5191; x_wconf 87' lang='lat' dir='ltr'><strong>Cyrum,</strong></span> <span class='ocrx_word' id='word_1_524' title='bbox 1971 5096 2103 5169; x_wconf 90' lang='lat' dir='ltr'><strong>Darius</strong></span> <span class='ocrx_word' id='word_1_525' title='bbox 2123 5099 2284 5189; x_wconf 88' lang='lat' dir='ltr'><strong>primum</strong></span> 
     </span>
    </p>
   </div>
   <div class='ocr_carea' id='block_1_10' title="bbox 200 5196 2286 5541">
    <p class='ocr_par' dir='ltr' id='par_1_19' title="bbox 200 5196 2286 5541">
     <span class='ocr_line' id='line_1_46' title="bbox 357 5196 2286 5327; baseline 0 -60"><span class='ocrx_word' id='word_1_526' title='bbox 357 5229 469 5303; x_wconf 61' lang='grc' dir='ltr'><em>Μ</em></span> <span class='ocrx_word' id='word_1_527' title='bbox 504 5236 628 5304; x_wconf 50' lang='grc' dir='ltr'><strong>ΡΜ,</strong></span> <span class='ocrx_word' id='word_1_528' title='bbox 651 5239 692 5305; x_wconf 61' lang='lat' dir='ltr'><strong>ab</strong></span> <span class='ocrx_word' id='word_1_529' title='bbox 708 5234 916 5327; x_wconf 49' lang='lat' dir='ltr'><strong><em>Ammo]</em></strong></span> <span class='ocrx_word' id='word_1_530' title='bbox 942 5233 976 5302; x_wconf 62' lang='lat' dir='ltr'><strong>id</strong></span> <span class='ocrx_word' id='word_1_531' title='bbox 1001 5245 1073 5315; x_wconf 44' lang='lat' dir='ltr'><strong>esp,</strong></span> <span class='ocrx_word' id='word_1_532' title='bbox 1099 5231 1243 5323; x_wconf 56' lang='lat' dir='ltr'><strong>Apollo,</strong></span> <span class='ocrx_word' id='word_1_533' title='bbox 1291 5201 1448 5291; x_wconf 80' lang='lat' dir='ltr'><strong>¹institnit</strong></span> <span class='ocrx_word' id='word_1_534' title='bbox 1480 5196 1751 5293; x_wconf 57' lang='lat' dir='ltr'><strong>tribirtp.,;‚lta</strong></span> <span class='ocrx_word' id='word_1_535' title='bbox 1777 5204 1950 5271; x_wconf 79' lang='lat' dir='ltr'><strong>Admetus</strong></span> <span class='ocrx_word' id='word_1_536' title='bbox 1981 5226 2125 5312; x_wconf 84' lang='lat' dir='ltr'><strong>quoquc</strong></span> <span class='ocrx_word' id='word_1_537' title='bbox 2152 5196 2286 5301; x_wconf 82' lang='lat' dir='ltr'><strong>¹habuit</strong></span> 
     </span>
     <span class='ocr_line' id='line_1_47' title="bbox 254 5327 2014 5425; baseline -0.001 -26"><span class='ocrx_word' id='word_1_538' title='bbox 254 5333 316 5422; x_wconf 90' lang='lat' dir='ltr'><strong>qui</strong></span> <span class='ocrx_word' id='word_1_539' title='bbox 342 5329 378 5397; x_wconf 94' lang='lat' dir='ltr'><strong>in</strong></span> <span class='ocrx_word' id='word_1_540' title='bbox 394 5327 577 5399; x_wconf 85' lang='lat' dir='ltr'><strong>Thessalia</strong></span> <span class='ocrx_word' id='word_1_541' title='bbox 601 5339 700 5423; x_wconf 85' lang='lat' dir='ltr'><strong>pavit</strong></span> <span class='ocrx_word' id='word_1_542' title='bbox 716 5336 991 5413; x_wconf 60' lang='lat' dir='ltr'><strong>,bosesddrneti</strong></span> <span class='ocrx_word' id='word_1_543' title='bbox 1013 5335 1122 5425; x_wconf 78' lang='lat' dir='ltr'><strong>regis3</strong></span> <span class='ocrx_word' id='word_1_544' title='bbox 1156 5359 1243 5403; x_wconf 91' lang='lat' dir='ltr'><strong>nam</strong></span> <span class='ocrx_word' id='word_1_545' title='bbox 1293 5356 1501 5391; x_wconf 46' lang='lat' dir='ltr'><strong>u-a--a-</strong></span> <span class='ocrx_word' id='word_1_546' title='bbox 1600 5336 1605 5345; x_wconf 84' lang='lat'>&#39;</span> <span class='ocrx_word' id='word_1_547' title='bbox 1900 5360 1904 5367; x_wconf 91' lang='lat'><em>·</em></span> <span class='ocrx_word' id='word_1_548' title='bbox 2011 5392 2014 5397; x_wconf 91' lang='lat'><strong>.</strong></span> 
     </span>
     <span class='ocr_line' id='line_1_48' title="bbox 200 5432 2267 5541; baseline 0.006 -41"><span class='ocrx_word' id='word_1_549' title='bbox 200 5532 203 5541; x_wconf 33' lang='grc' dir='ltr'>Ι</span> <span class='ocrx_word' id='word_1_550' title='bbox 253 5434 390 5522; x_wconf 85' lang='lat' dir='ltr'><strong>fingunt</strong></span> <span class='ocrx_word' id='word_1_551' title='bbox 408 5432 611 5522; x_wconf 80' lang='lat' dir='ltr'><strong>Apollinem</strong></span> <span class='ocrx_word' id='word_1_552' title='bbox 628 5436 844 5506; x_wconf 78' lang='lat' dir='ltr'><strong>interfecisse</strong></span> <span class='ocrx_word' id='word_1_553' title='bbox 859 5438 1054 5528; x_wconf 84' lang='lat' dir='ltr'><strong>Cyclopas,</strong></span> <span class='ocrx_word' id='word_1_554' title='bbox 1087 5434 1243 5507; x_wconf 89' lang='lat' dir='ltr'><strong>ideolu-</strong></span> <span class='ocrx_word' id='word_1_555' title='bbox 1332 5464 1567 5532; x_wconf 71' lang='lat' dir='ltr'><strong>r)·toptter]&#39;ssd·</strong></span> <span class='ocrx_word' id='word_1_556' title='bbox 1586 5466 1758 5517; x_wconf 55' lang='lat' dir='ltr'><strong>launoius</strong></span> <span class='ocrx_word' id='word_1_557' title='bbox 1777 5466 1897 5523; x_wconf 73' lang='lat' dir='ltr'><strong>nonnis</strong></span> <span class='ocrx_word' id='word_1_558' title='bbox 1916 5468 1978 5518; x_wconf 84' lang='lat' dir='ltr'><strong>tooo</strong></span> <span class='ocrx_word' id='word_1_559' title='bbox 1995 5465 2204 5530; x_wconf 69' lang='lat' dir='ltr'><strong>mastauron</strong></span> <span class='ocrx_word' id='word_1_560' title='bbox 2224 5456 2267 5525; x_wconf 74' lang='grc' dir='ltr'><strong>ιι.</strong></span> 
     </span>
    </p>
   </div>
   <div class='ocr_carea' id='block_1_11' title="bbox 0 0 2386 6007">
    <p class='ocr_par' dir='ltr' id='par_1_20' title="bbox 0 0 2386 6007">
     <span class='ocr_line' id='line_1_49' title="bbox 0 0 2386 6007; baseline 0 0"><span class='ocrx_word' id='word_1_561' title='bbox 0 0 2386 6007; x_wconf 95' lang='lat' dir='ltr'><strong> </strong></span> 
     </span>
    </p>
   </div>
  </div>
 </body>
</html>
