4762 6008
214 312 290 389 247
793 307 915 379 Petu„
950 306 1062 379 Mllls.
1094 304 1295 383 scalers
1326 307 1659 383 euniouoolclt
2174 316 2253 399 ω

217 506 299 575 gere
332 479 511 572 sagittam.
578 478 638 549 Tu
673 502 759 547 vero
788 480 912 560 Musa,
953 491 1124 571 tanquam
1160 478 1205 551 ab
1258 479 1339 574 quis
1361 504 1417 551 res
1439 476 1607 552 honestas
1629 478 1747 570 gerit,¹
1782 479 1887 551 affert
1909 481 2100 555 materiam
2124 485 2253 563 Musis.

220 609 307 655 arcu
323 584 467 655 mittens
482 580 671 672 sagittam,
699 571 771 651 'due
785 592 930 651 ventum
947 581 1144 651 secundum
1160 582 1207 653 od
1259 583 1351 655 Naro
1386 582 1535 657 virtutes
1567 606 1721 673 magnae
1751 580 1829 653 sine
1860 583 2100 672 carminibus,
2140 590 2254 667 relin-

220 688 341 761 istum.
393 682 491 778 (Ast.
507 683 563 777 2.)
589 681 682 753 Nam
701 694 828 772 poetae
854 694 891 751 et
913 682 1121 776 eloquentes
1136 695 1207 753 tra·
1260 697 1421 779 quuntur
1438 684 1477 753 in
1493 685 1661 757 tenebris.
1711 683 1867 753 Unicum
1885 680 1956 757 hoo
1978 690 2163 779 speculum
2185 692 2254 767 sci-

222 793 312 861 dunt
328 787 466 877 egregia
484 787 738 868 luctuosum,
764 785 828 879 qui
843 786 1000 859 luerunt
1049 783 1209 856 Bassidis
1260 812 1341 859 mus
1356 787 1582 878 egregiorum
1600 787 1797 857 sactorum:
1828 787 1935 858 unico
1954 793 2064 863 modo
2081 789 2253 883 pulchrae

223 914 298 965 non
313 892 411 959 deest
426 887 642 967 celebratum
656 910 788 977 genus,
822 887 880 957 eui
907 886 1053 978 proprie
1076 883 1210 959 vehant
1261 891 1457 959 memoriae
1474 914 1577 960 causa
1595 889 1767 958 celebrari
1785 890 1956 965 carmine.
2008 894 2254 991 (Ερ.1,)5..

226 991 388 1065 encomia
404 989 587 1059 Pieridum
605 990 776 1071 cultores,
802 1013 844 1061 ac
865 1002 1016 1081 possunt
1039 991 1210 1079 praebere
1262 992 1400 1083 pientes
1423 1005 1559 1061 norunt
1582 1003 1728 1061 ventum
1755 990 1875 1059 triduo
1901 1005 1983 1083 post
2002 997 2145 1077 venire;
2186 1022 2253 1069 nec

227 1094 384 1167 carmina
419 1094 463 1161 de
494 1091 658 1183 gloriosis
689 1092 802 1163 saetis.
869 1091 961 1165 Nam
985 1093 1024 1165 in
1046 1093 1210 1167 miranda
1262 1093 1564 1184 lucricupiditate
1580 1095 1725 1164 solmrnt
1748 1092 1891 1178 navim,
1925 1119 2001 1165 non
2024 1098 2251 1171 considerato

227 1193 392 1293 Pythone
409 1194 509 1285 pugil
522 1193 608 1263 vicit
623 1192 774 1278 Callias,
799 1207 933 1267 testum
950 1207 1075 1266 tenens
1090 1195 1212 1285 alliga·
1265 1208 1385 1266 vento.
1437 1194 1546 1267 Dives
1562 1207 1596 1265 et
1608 1219 1745 1286 pauper
1761 1194 1868 1266 simul
1888 1221 2001 1291 prope
2022 1197 2251 1293 sepulchrum

228 1317 305 1373 tum
322 1297 488 1369 manibus
504 1322 545 1367 ex
567 1320 608 1367 ea
630 1297 787 1380 familia,
823 1294 974 1395 (ΕΜ.)
1001 1321 1133 1371 canens
1144 1294 1214 1365 La·
1265 1294 1442 1369 habitant.
2188 1312 2191 1317 '

230 1419 337 1477 tonse
352 1401 469 1494 gnatis
484 1403 529 1472 ad
539 1400 735 1473 Castalium
750 1402 887 1470 sontem
903 1400 1043 1493 vesperi
1057 1400 1095 1468 in
1110 1411 1215 1471 coetu
1365 1398 1445 1492 Ego
1470 1398 1607 1495 Ulyssis
1633 1399 1847 1491 sapientiam
1878 1400 2042 1473 existimo
2075 1404 2253 1477 maiorem

231 1506 459 1585 Gratiarum
491 1516 527 1575 et
548 1503 646 1575 fulsit
666 1499 822 1575 Isthmus
841 1503 880 1573 in
901 1502 1082 1573 trieterico
1106 1500 1215 1573 sacri·
1264 1503 1398 1577 factam
1442 1526 1517 1577 esse
1555 1502 1716 1573 carmine
1753 1502 1975 1587 Homerico„
2023 1530 2135 1601 quam
2171 1509 2255 1581 asie

231 1612 312 1685 licio
327 1610 541 1692 vicinorum,
567 1620 603 1678 et
615 1603 809 1678 honoravit
817 1604 967 1677 Calliam
982 1630 1048 1699 per
1056 1602 1215 1699 Neptuni
1267 1606 1357 1700 (Str.
1372 1602 1428 1699 2.)
1445 1603 1539 1681 luen
1553 1605 1647 1677 enim
1664 1605 1797 1699 speeies
1812 1606 1950 1677 volucri
1966 1608 2136 1699 lipmemo
2152 1634 2256 1693 men-

232 1715 429 1807 templum,
453 1723 490 1781 et
504 1707 614 1781 herba
631 1709 744 1781 leonis
766 1735 847 1781 eum
869 1709 1042 1780 victorem
1064 1730 1215 1779 corona·
1267 1707 1476 1793 deciorum,
1501 1730 1543 1779 ac
1556 1708 1730 1801 sapientia
1746 1707 1879 1800 decipit
1891 1710 2126 1783 sermonibus.
2164 1711 2254 1783 Vul-

232 1819 286 1889 vit
319 1818 385 1888 sub
413 1814 561 1885 vetustis
584 1812 765 1885 montibus
787 1809 979 1885 Phliuntis.
1053 1812 1146 1907 (Str.
1161 1810 1216 1906 8.)
1268 1836 1333 1903 gns
1354 1811 1450 1885 enim
1477 1807 1584 1883 habet
1607 1836 1747 1883 caecam
1774 1825 1943 1885 mentem.
2006 1812 2046 1885 Si
2063 1812 2251 1891 veritatem

233 1920 325 1993 Sunt
352 1931 471 1989 autern
502 1917 597 1989 latae
627 1916 706 1986 viae
736 1917 884 1986 laudum
914 1915 1092 2006 Aeginae,
1132 1912 1216 2008 quia
1268 1914 1457 1998 sciremus,
1489 1939 1565 1985 non
1588 1927 1736 2007 propter
1757 1938 1858 1985 arma
1879 1915 1993 1987 iratus
2008 1915 2100 1987 Aiax
2119 1916 2253 1993 fixisset

232 2023 409 2095 Aeacidae
426 2045 596 2113 magnum
611 2023 718 2090 decus
734 2019 765 2088 ei
785 2020 1001 2088 addiderunt
1025 2015 1217 2110 praeclaris
1269 2017 1307 2087 in
1329 2017 1547 2108 praecordiis
1563 2017 1675 2089 latum
1695 2040 1836 2102 ensem,
1869 2016 1932 2112 qui
1955 2030 2102 2111 excepto
2114 2014 2254 2091 Achille

233 2127 346 2200 tactis.
373 2124 516 2195 ·Volitat
534 2147 597 2215 per
614 2136 745 2193 terram
762 2135 797 2190 et
813 2146 914 2192 mare
930 2144 1064 2191 nornen
1078 2143 1217 2200 eorum,
1269 2120 1591 2211 praestantissimus
1615 2121 1708 2191 inter
1729 2124 1836 2193 duces
1863 2123 1908 2191 ad
1923 2120 2076 2193 Troiam
2099 2132 2154 2197 est
2172 2145 2256 2215 pro·

235 2243 271 2303 et
291 2227 458 2323 prosiluit
482 2250 593 2321 usque
615 2227 660 2295 ad
676 2220 892 2317 Aethiopas,
927 2237 1116 2317 postquam
1142 2246 1217 2291 non
1268 2225 1391 2295 lectus.
2178 2290 2181 2295 .

237 2345 465 2406 retroversus
481 2329 672 2411 Memnon,
698 2329 828 2421 quibus
845 2328 1091 2418 inciditgrave
1106 2337 1218 2395 certa·
1371 2324 1473 2419 (ass.
1493 2323 1549 2419 2.)
1589 2325 1660 2397 Sed
1693 2326 1819 2398 fluctus
1852 2325 1980 2397 mortis
2016 2326 2256 2405 communiter

235 2460 337 2517 men,
364 2458 443 2503 cum
454 2428 609 2501 Achilles
622 2433 839 2502 descendens
853 2456 896 2499 ex
913 2452 1032 2512 curru,
1052 2429 1154 2524 (Ast.
1163 2426 1218 2521 8.)
1270 2429 1437 2499 omnibus
1453 2427 1570 2511 venit,
1596 2431 1729 2501 eadunt
1747 2427 1882 2521 pariter
1901 2428 2078 2521 ignobiles
2093 2443 2130 2503 et
2151 2430 2257 2511 nobi·

235 2536 397 2606 Aurorae
413 2534 524 2605 filium
544 2533 719 2602 interfecit
742 2528 841 2602 hasta
868 2531 1029 2601 terribili.
1088 2531 1137 2601 At
1159 2553 1218 2597 ve·
1270 2533 1337 2612 les3
1376 2530 1448 2601 illis
1470 2544 1589 2601 autem
1612 2527 1728 2601 lsonos
1749 2532 1938 2617 tribuitur,
1979 2558 2135 2628 quorum
2156 2532 2257 2605 Deus

236 2652 329 2708 teres
344 2634 436 2707 hano
454 2637 563 2704 latam
586 2636 682 2705 viam
707 2634 956 2724 ingrediuntur
981 2633 1018 2701 in
1041 2632 1218 2702 laudatio·
1268 2634 1512 2723 laudesauget
1529 2635 1680 2705 mortuis
1696 2634 1812 2707 sociis.
1863 2632 1973 2705 Venit
1984 2636 2080 2706 enim
2093 2632 2259 2731 Pyrrhus

235 2740 362 2820 nibus,
389 2763 499 2831 quam
524 2750 558 2809 et
579 2762 644 2831 ego
666 2738 704 2807 in
727 2732 793 2806 hue
817 2736 1050 2806 meditatione
1075 2756 1217 2827 sequor.
1270 2737 1317 2805 ad
1339 2732 1516 2827 Delphos,
1557 2748 1592 2804 et
1621 2737 1713 2807 iacet
1736 2736 1774 2804 iu
1797 2733 1935 2833 Pytlsiis
1962 2737 2116 2828 eampis,
2155 2750 2258 2831 post-

235 2841 408 2911 Praesens
435 2862 518 2909 cura
543 2839 698 2909 maxime
722 2839 900 2909 excruciat
923 2838 1096 2906 animum.
1149 2836 1218 2904 Sed
1270 2860 1379 2930 quarn
1413 2837 1541 2906 evertit
1561 2834 1683 2908 Ilium:
1726 2840 1787 2909 ubi
1810 2852 1844 2909 et
1869 2837 1929 2907 alii
1952 2836 2081 2909 Graeci
2100 2862 2256 2930 magnos

235 2942 380 3027 fluctos,
403 2941 466 3036 qui
479 2941 638 3013 volvitur
652 2943 697 3011 ad
715 2943 816 3011 navis
840 2944 989 3032 pedem,
1014 2951 1055 3007 ut
1077 2936 1219 3017 dieitur,
1270 2939 1410 3008 labores
1432 2939 1602 3011 tulerunt.
1661 2937 1823 3035 Pyrrhus
1852 2964 1939 3013 vero
1965 2940 2147 3015 discedens
2176 2966 2256 3015 nnn

236 3044 392 3113 maxime
404 3042 526 3113 turbat
540 3043 714 3114 animum.
765 3042 842 3130 Ego
871 3052 989 3109 autem
1014 3037 1218 3107 vobrntario
1270 3040 1430 3112 rediitin
1445 3041 1616 3134 Scyrum,
1641 3048 1703 3115 sed
1721 3044 1818 3115 venit
1834 3043 1873 3111 in
1886 3039 2078 3139 Ephyren,
2102 3043 2186 3139 (Bp.
2198 3043 2258 3138 2.)

236 3144 344 3215 dorso
368 3145 512 3214 subiens
536 3144 718 3235 geminum
745 3166 855 3225 ontis,
889 3142 971 3210 veni
993 3162 1143 3234 praeeo,
1184 3153 1220 3209 ot
1271 3155 1308 3213 et
1321 3143 1544 3238 aliquamdiu
1558 3146 1597 3212 in
1611 3145 1781 3220 Molossia
1799 3150 1980 3238 regnavit,
2014 3159 2050 3218 et
2064 3147 2260 3241 posteritas

237 3243 307 3316 hoe
323 3244 488 3340 quintum
502 3247 609 3316 decus
624 3270 732 3338 supra
751 3245 878 3334 viginti
905 3244 987 3338 (Bp.
1002 3244 1055 3340 8.)
1081 3268 1123 3314 er
1145 3266 1220 3311 eer-
1271 3245 1346 3317 eius
1359 3247 1507 3317 retinuit
1521 3270 1684 3338 regnum.
1732 3248 1809 3342 lpse
1826 3274 1912 3321 vero
1933 3252 1980 3321 ad
1993 3247 2154 3343 Delphos
2171 3274 2259 3344 pro·

237 3347 431 3419 taminibus
454 3370 585 3428 narro,
627 3370 719 3440 quae
743 3347 933 3415 nominant
959 3369 1080 3429 sacra,
1121 3346 1217 3435 quod
1270 3350 1466 3431 iectusest,
1490 3374 1533 3419 ex
1549 3350 1660 3423 'l'roia
1679 3349 1859 3425 advehens
1880 3352 2012 3445 spolia:
2045 3352 2110 3429 ubi
2127 3353 2166 3425 in
2190 3376 2260 3445 pu·

237 3449 431 3519 Alcimidas
444 3448 544 3520 addit
559 3447 692 3543 inclyto
706 3449 841 3539 generi.
893 3449 979 3520 Sors
993 3460 1112 3519 eutem
1132 3449 1220 3517 dus·
1270 3474 1339 3542 gna
1358 3451 1519 3522 sacrificii
1536 3452 1592 3521 vir
1606 3455 1751 3547 quidam
1771 3455 1889 3546 gladio
1904 3454 2049 3543 impulit
2067 3478 2288 3553 ortum·

237 3553 303 3623 bus
318 3549 460 3621 coronis
475 3549 673 3645 Olympieis
691 3553 788 3642 apud
803 3548 897 3621 lovis
917 3552 1036 3621 lucum
1059 3572 1127 3619 nos
1145 3549 1220 3641 pri·
1271 3565 1355 3623 tem.
1422 3550 1514 3645 (Str.
1533 3554 1589 3649 8.)
1620 3554 1751 3648 Delphi
1774 3569 1893 3628 sutem
1915 3553 2076 3651 hospitas
2098 3558 2260 3651 graviter

237 3653 351 3734 vavit3
397 3653 579 3724 Mdssiam
615 3677 701 3723 vero
733 3653 885 3724 similem
920 3651 1092 3746 delphino
1125 3653 1220 3734 dioo,
1271 3655 1450 3736 tulerunt,
1474 3657 1537 3725 sed
1556 3658 1670 3730 tntum
1693 3656 1761 3730 hoc
1785 3663 1819 3731 ei
1844 3663 2002 3735 dederat.
2054 3660 2260 3755 Oportebat

235 3754 327 3825 saltu
342 3769 376 3825 et
388 3762 559 3827 manuum
575 3757 707 3826 robore
723 3755 958 3847 aurigantem.
1272 3757 1368 3826 enim
1382 3780 1502 3849 regem
1520 3783 1563 3829 ex
1575 3760 1739 3835 Aeacidis
1766 3763 1805 3833 in
1827 3764 1962 3856 temple
1975 3758 2159 3863 Delphico·
2180 3787 2257 3841 esse

365 3844 375 3861 ⁸
1271 3860 1528 3953 speculatorem
1552 3862 1589 3931 in
1611 3866 1754 3957 pompis
1774 3866 2049 3947 sacrilim'orerns.
2108 3866 2166 3945 Ad
2191 3866 2259 3941 bo·

620 3958 714 4042 Ode
734 3958 833 4042 Vll.
1271 3986 1355 4033 nam
1378 3987 1520 4035 musam
1545 3965 1613 4037 tria
1633 3970 1741 4039 verba
1769 3970 1968 4054 sufficiunt,
2005 3994 2073 4041 neo
2101 3970 2259 4047 mendax

698 4108 946 4199 Μ
1271 4066 2258 4267 aaut

339 4248 429 4344 (ss.
448 4251 500 4345 1.)
526 4250 622 4323 auu
641 4250 798 4334 suana,
831 4249 994 4322 mentm
1008 4252 1218 4342 numum,
1270 4270 1381 4363 pse„
1408 4270 1509 4365 (m
1523 4273 1577 4371 a)
1603 4227 1965 4371 q,„„1„„„‘„
1989 4279 2253 4351 ,1„„„„„,‚

233 4348 488 4435 1⁰ss01¹i⁸f¹¹i⁸s
512 4354 893 4446 ὅθῦῑῑῐῑῐῐὶΰθῑθῐῦωῑ
926 4355 1003 4426 ⁸5⁰0
1024 4368 1059 4427 it
1080 4380 1146 4427 Μ
1163 4358 1218 4429 h·
1269 4370 1337 4443 Sed
1356 4375 1498 4466 requies
1513 4375 1552 4444 iu
1574 4379 1674 4449 omni
1694 4380 1816 4449 labore
1837 4380 1951 4451 duleis
1974 4393 2047 4467 est,
2078 4392 2118 4453 tt
2135 4378 2253 4451 uellit

234 4476 332 4538 00¹⁰,
357 4478 423 4525 ¹¹⁰⁶
443 4468 605 4540 melem,
630 4481 696 4526 ¹¹⁰⁶
712 4454 838 4525 Heben
858 4468 957 4528 ‘⁰³¹⁰
979 4484 1142 4530 mmm
1164 4461 1217 4530 Vi·
1269 4475 1461 4547 stilorum
1484 4475 1633 4553 Veneris
1662 4482 1807 4553 satietas
1835 4496 1898 4554 est.
1963 4484 2102 4557 Natura
2130 4494 2253 4557 autem

233 4556 368 4628 dmm·
418 4557 503 4629 Nm
519 4582 648 4630 ⁰¹⁰⁰&
669 4557 778 4630 8ῖωῖῙῖ
796 4563 904 4630 ¹¹¹⁰d⁰
921 4562 1090 4634 livium&
1116 4564 1216 4635 aliud
1266 4576 1396 4669 singuli
1411 4576 1628 4666 differimus,
1654 4585 1748 4654 nacti
1763 4584 1972 4657 aliosaliam
1991 4587 2116 4659 vitam.
2153 4583 2255 4657 Ean·

232 4656 354 4750 iugum
379 4660 470 4732 alios
496 4675 639 4754 separat
662 4686 681 4731 a
703 4660 934 4733 beatitudine.
997 4664 1069 4736 Sed
1097 4678 1214 4738 tecum
1267 4683 1347 4751 dem
1374 4702 1449 4749 rem
1476 4682 1625 4774 adipisci
1649 4711 1772 4758 omne,
1797 4687 2015 4780 impofflbu,
2046 4701 2112 4763 m·
2176 4686 2255 4761 Nec

231 4760 323 4833 titius
336 4758 570 4861 Tbeariouis,
596 4764 728 4835 sirtute
750 4765 939 4849 excellens,
965 4768 1142 4857 gloriosus
1157 4792 1214 4838 ca·
1266 4808 1408 4873 possum
1435 4783 1569 4869 dicere,
1609 4789 1667 4859 cui
1687 4793 1818 4882 adepto
1840 4803 1953 4862 totam
1978 4790 2255 4877 beatitudinem,

231 4860 330 4935 nitur
345 4865 440 4936 inter
455 4866 618 4940 victores.
677 4865 778 4961 (Ast.
797 4867 848 4961 1.)
874 4868 1131 4940 llabitatenim
1153 4896 1213 4941 ur·
1264 4888 1377 4957 farum
1394 4887 1600 4975 praebuerit
1615 4894 1777 4962 stabilem
1795 4894 1916 4966 finem,
1976 4892 2060 4967 Tibi
2081 4893 2146 4966 d„
2165 4918 2256 4967 Μ,

230 4961 312 5033 b⁰¹¹¹
330 4965 588 5054 meldorum,
614 4982 793 5039 fflssffllem
818 4971 1039 5057 carminum,
1064 4974 1128 5067 qui
1150 4998 1213 5043 ν0·
1263 4987 1462 5057 venientem
1496 4990 1718 5075 felicitatem,
1761 4993 1841 5087 (a).
1858 4996 1911 5087 8.)
1941 5008 1978 5066 et
1997 4996 2251 5088 suscipientem

231 5063 309 5132 lunt
323 5089 444 5158 regere
460 5073 619 5142 animum
642 5073 880 5164 experientem
906 5075 1112 5146 certamina·
1174 5076 1212 5146 Si
1263 5090 1448 5158 audaciam
1472 5116 1547 5160 non
1569 5095 1728 5166 destituit
1751 5098 1952 5187 prudentia.
2013 5097 2090 5190 Ego
2118 5094 2252 5192 hospes

1260 5215 1361 5277 sum,
1398 5216 1473 5260 non
1504 5196 1626 5266 adfero
1635 5196 1682 5295 ¹¹)
1711 5195 2047 5293 reprehensionem:
2091 5202 2249 5274 laudabo

267 5302 315 5360 11)
333 5299 384 5351 llls
401 5302 574 5356 mnlnlous.
604 5305 701 5367 qulbus
716 5307 784 5356 troo
803 5307 862 5358 osto
879 5307 906 5357 ln
922 5308 1008 5361 lltltt.
1024 5310 1116 5371 tm,
1135 5310 1210 5360 1861.
1260 5362 1464 5375 .-.........

298 5372 345 5420 sst
361 5369 512 5432 inscripta,
544 5370 572 5420 lu
595 5373 733 5436 stultus,
764 5385 832 5436 quse
848 5376 966 5440 contult,
997 5378 1082 5432 Eottt.
1099 5377 1212 5429 etism

296 5437 408 5488 stdltm
424 5444 490 5489 sunt
506 5440 559 5489 ιω
575 5451 676 5490 rocos:
700 5437 779 5490 madi
796 5438 963 5513 πεντάθλῳ,
980 5456 1048 5509 qm
1059 5447 1210 5499 Bosdtlns
1296 5451 1342 5520 ιι)
1359 5464 1415 5517 unu
1443 5446 1554 5517 west]
1584 5450 1627 5505 slo
1647 5454 1699 5507 R.
1728 5455 1824 5519 lons
1857 5458 1910 5513 tto.
1935 5458 2012 5515 tate
2041 5470 2096 5513 sos
2128 5459 2250 5525 ortem

298 5506 396 5557 serttt:
419 5520 511 5571 passo
527 5509 752 5573 sstsmsrttsst.
1325 5522 1454 5580 osolla
1471 5522 1606 5583 luterens
1628 5522 1875 5587 proin-anesus
1893 5548 1927 5577 a
1944 5528 2022 5586 etse.
2039 5519 2176 5596 mem..
