4754 6014
173 297 250 370 ω
673 272 1713 361 cxxxix.unaanar10annn1nosv1nc1m.
2093 284 2208 393 'aas

172 468 313 542 Persica
334 486 425 547 vox,
460 486 546 553 opes
566 457 780 551 significat..
873 458 934 530 νε.
959 455 1044 530 186.
1078 461 1167 544 Quor
1217 456 1402 556 Lycurgus
1424 485 1504 531 cum
1528 462 1696 545 iuvenes,
1731 473 1808 530 tum
1829 458 1985 552 virgines
2004 461 2205 553 palaestrae

171 571 246 663 epo]
278 559 542 660 ἀποσιώπησις.
626 625 629 629 ,
677 566 737 634 sed
762 572 867 633 motas
892 557 979 659 etc]
1013 562 1166 632 Sedatur
1218 586 1366 653 operam
1388 571 1489 639 dare.
1558 563 1650 633 Vide
1670 560 1906 653 Plutarchum¹
1934 563 1974 632 in
1993 562 2205 657 Lycurgo⁸).

169 670 581 765 tempestasaNeptuno.
648 663 709 736 Vs.
720 665 805 737 186.
823 667 997 738 Pustmili
1005 689 1073 736 non
1083 665 1166 756 etc]
1216 664 1294 736 Vss.
1313 666 1390 740 827
1402 695 1454 762 sq.
1480 670 1632 762 unanr
1651 677 1685 738 te
1698 690 1877 738 menemus
1891 662 1978 763 etc]
2003 666 2204 759 Apersona

168 774 372 866 increpatio
396 772 442 868 ⁸).
540 767 643 859 ονεε.
667 766 741 839 140
760 793 815 862 sq·
850 771 913 840 illu
936 791 972 838 ee
994 771 1096 839 iactet
1125 771 1165 839 ὄπ
1216 768 1365 860 virginis
1381 781 1501 863 captat
1514 770 1802 840 benevolentiam
1824 768 2206 865 ulterius-quaerendi.

170 879 360 970 salceta]
395 875 466 945 Per
486 867 683 946 ἀντίθεσιν
701 871 830 941 irridet
850 872 1017 941 Aeolum.
1075 869 1163 941 Eius
1214 869 1276 941 Vs.
1298 872 1348 961 88
1357 871 1394 949 4.
1427 873 1735 964 uetustatem]
1760 872 1793 939 A
1819 871 2016 962 gratiarum
2050 873 2205 947 actione.

170 981 267 1051 enim
282 982 431 1049 domum
442 975 594 1046 -ironice
617 975 728 1044 modo
751 975 892 1057 aulam,
919 973 1029 1043 modo
1046 995 1163 1041 carce·
1213 972 1292 1045 Vss.
1307 973 1384 1048 840
1398 1004 1477 1073 sqq.
1493 979 1670 1065 inperium
1684 979 1778 1046 Dido
1792 979 1875 1061 etc]
1889 972 2002 1063 Origo
2018 970 2206 1067 Carthagi-

169 1107 246 1152 rcm
269 1107 335 1175 per
356 1090 601 1171 contemptum
622 1090 738 1149 vocat.
847 1070 926 1146 νεε.
945 1075 1017 1148 148
1035 1101 1088 1168 sq.
1110 1080 1164 1147 Ac
1213 1076 1347 1149 niensis
1367 1082 1481 1173 regni.
1582 1079 1644 1151 Vs.
1660 1075 1747 1150 849.
1771 1081 1902 1168 Impius
1923 1077 2102 1170 antectc]
2133 1075 2211 1148 lm·-
2320 1110 2323 1114 ’

168 1180 506 1280 vetui-napaeas]
524 1179 726 1273 Descriptio
742 1176 939 1249 seditionis.
1004 1174 1162 1250 νε.162.
1212 1180 1355 1270 pietatis
1369 1198 1405 1254 et
1418 1180 1621 1276 tyrannidis
1636 1181 1849 1272 exemplum.
1937 1177 2108 1252 νεε.868
2124 1204 2216 1275 εφῖ.4

168 1291 271 1360 silent
287 1284 374 1384 etc]
399 1282 638 1378 Eloquentiae
653 1283 800 1353 fructus.
902 1279 964 1350 νε.
982 1274 1066 1351 166.
1083 1281 1161 1350 rte-
1211 1287 1293 1371 Ipsa
1308 1290 1367 1355 sed
1382 1282 1465 1384 etc]
1492 1277 1652 1364 πάθοςε
1669 1281 1955 1355 circumstantiis.
2038 1281 2099 1354 Vs.
2114 1283 2202 1357 861.

168 1397 229 1463 etit
243 1416 343 1484 equae
359 1386 444 1486 etc]
474 1385 679 1476 coaptatio.
781 1383 861 1457 νεε.
881 1383 954 1457 162
969 1408 1048 1477 sqq.
1069 1386 1163 1453 Hinc
1214 1388 1530 1480 conveniantne]
1566 1388 1720 1458 Animus
1759 1387 1874 1479 plebis
1914 1388 1954 1455 in
1992 1399 2201 1478 tyrannum.

170 1506 269 1588 atque
289 1496 371 1564 linc
387 1491 470 1581 etc]
496 1479 745 1567 riaoaaiawatc.
849 1485 910 1556 Vs.
932 1486 1015 1559 172.
1047 1495 1161 1574 optata
1211 1487 1273 1560 Vs.
1288 1490 1377 1565 872.
1413 1496 1537 1565 anea
1559 1491 1641 1583 etc]
1667 1481 1803 1570 πάθος.
1948 1485 2028 1559 νεε.
2050 1489 2126 1559 878
2147 1515 2201 1585 sq.

167 1600 344 1686 patiuntur
369 1589 451 1691 cte]
492 1589 613 1660 Delati
637 1588 789 1658 'l'roiani
820 1591 867 1658 ad
895 1601 1041 1679 portum
1066 1586 1160 1654 Airi—
1212 1596 1257 1662 Et
1279 1607 1372 1666 nam
1394 1593 1633 1684 annotante]
1659 1591 1833 1662 Attenfio,
1934 1587 2013 1662 Vsa,
2030 1588 2201 1687 375sqq,

169 1724 263 1768 cum.
366 1695 535 1768 νε.·176.
563 1695 741 1786 rapuitque
759 1698 796 1763 iu
814 1691 843 1782 f.
862 1685 1062 1786 flammam]
1092 1685 1160 1760 ἄν·
1191 1698 1283 1764 ·Nae
1308 1701 1414 1769 Troia
1439 1698 1531 1789 etc.].
1547 1696 1717 1767 Narratio
1739 1696 1895 1766 Aeneae.
2028 1693 2089 1763 νε.
2113 1695 2201 1768 878.

167 1795 388 1890 τονομασία.
463 1797 542 1869 Vss.
559 1795 632 1865 180
647 1820 724 1889 sqq.
739 1800 875 1867 Aeneas
887 1796 1058 1883 scopulum
1073 1786 1159 1886 etc]
1210 1797 1384 1889 Sumptus
1399 1811 1465 1870 etc,
1492 1798 1623 1869 Pietas,
1737 1795 1800 1869 Vs,
1815 1796 1902 1868 585.
1930 1799 2101 1893 Euroque]
2124 1795 2208 1869 Eu..

167 1900 347 1974 Describit
367 1901 568 1992 principem
588 1921 664 1965 non
687 1911 761 1966 tam
783 1899 858 1981 sui,
884 1920 993 1991 quam
1011 1918 1159 1967 suorum
1211 1922 1272 1969 rus
1288 1898 1382 1970 inter
1397 1900 1545 1971 orientis
1559 1899 1751 1971 stationem
1765 1913 1800 1970 et
1814 1899 2096 1991 septentrionem
2120 1925 2209 1970 ver--

169 2002 290 2076 curam
316 2027 433 2093 agere.
543 2001 604 2070 Vs.
623 1999 706 2071 188.
733 2001 896 2090 Achates]
923 1996 1078 2070 Achates
1101 2021 1161 2065 co·
1211 2014 1323 2074 satur.
1373 2003 1484 2073 Recte
1499 2003 1609 2094 igitur
1621 1998 1680 2071 hic
1698 2002 1990 2092 Eurifmeminit,
2015 2027 2121 2095 quem
2145 2026 2211 2073 se·-

168 2132 243 2178 mes
266 2105 409 2175 Aeneae
436 2104 602 2195 lingitur3
644 2101 733 2196 ἄχος
757 2101 853 2171 enim
882 2104 988 2173 dolor
1011 2114 1082 2186 est,
1125 2110 1162 2169 et
1211 2107 1368 2174 cundum
1384 2118 1532 2177 ventum
1550 2100 1988 2177 habueruntinAiricam.
2038 2103 2200 2178 νε.899.

167 2209 305 2280 Aeneas
317 2233 459 2300 semper
478 2213 632 2278 suorum'
642 2230 765 2275 curam
780 2201 919 2277 habuit.
1002 2203 1064 2276 Vs.
1074 2203 1159 2277 198.
1210 2210 1312 2278 Haud
1333 2204 1540 2306 atterere]
1565 2208 1774 2300 Adaptatio.
1886 2207 1948 2278 Vs.
1965 2207 2053 2281 402.
2078 2212 2200 2292 ntea,

173 2316 310 2385 Osacii
333 2308 417 2409 etc]
448 2310 576 2380 Oratio
597 2308 741 2378 Aeneae
764 2306 1019 2378 consolationis
1039 2305 1160 2396 plena,
1209 2318 1408 2383 neuram
1422 2307 1509 2409 etc]
1533 2310 1737 2382 Conclusio.
1787 2310 1848 2383 Vs.
1865 2308 1960 2383 410.
1989 2314 2129 2383 Talibus
2141 2316 2210 2384 in··

172 2440 243 2511 qua
257 2417 374 2484 bouus
395 2413 562 2504 princeps
576 2435 659 2481 suos
679 2405 847 2479 ho'rtatur
872 2411 917 2476 ad
934 2406 1161 2498 patientiam,
1210 2416 1402 2506 caretate]
1427 2413 1537 2483 Redit
1557 2416 1604 2483 ad
1628 2411 1829 2485 historiam.
1939 2413 2018 2486 Vss.
2032 2413 2105 2485 411
2120 2440 2200 2508 sqq.

171 2531 208 2588 et
226 2518 353 2587 suadet
370 2511 612 2596 hilaritatem,
645 2511 742 2605 quod
772 2509 843 2578 iam
870 2520 953 2577 ante
986 2519 1043 2576 tot
1064 2506 1159 2575 mala
1210 2517 1381 2585 AWenur
1398 2511 1481 2612 etc]
1496 2514 1728 2587 Homericum
1743 2530 1815 2601 est,
1837 2516 2018 2609 quifingit
2034 2517 2200 2608 Ulyssem

167 2618 317 2689 feliciter
330 2615 602 2708 superaverint,
626 2615 809 2694 futurum,
835 2623 876 2681 ut
897 2620 1109 2701 exsuperent
1126 2618 1161 2676 ct
1210 2613 1428 2684 circumdari
1453 2617 1584 2687 nebula
1607 2618 1809 2688 aMinerva
1826 2629 1891 2688 etc.
1943 2616 2072 2712 Odyss.
2089 2616 2127 2688 7.
2152 2619 2199 2707 ⁶).

169 2720 271 2792 illud.
386 2718 448 2788 Vs.
471 2718 559 2790 218.
586 2722 720 2789 Littera
735 2715 844 2785 alena
859 2710 942 2811 etc]
977 2705 1161 2808 aepippa-
1209 2714 1272 2787 Vs.
1288 2714 1375 2789 417.
1411 2720 1524 2790 liure
1550 2718 1678 2819 calent]
1712 2718 1814 2793 Thus
1839 2721 1877 2789 in
1896 2721 2031 2792 Arabia
2065 2721 2201 2793 crescit.

170 2844 237 2903 σις.
283 2842 286 2847 ’
354 2820 415 2893 νε.
435 2815 523 2895 216.
555 2823 745 2910 Implentur
767 2812 853 2913 etc]
888 2807 1159 2905 ἀντονομασία.
1209 2817 1272 2890 νε.
1289 2815 1377 2894 426.
1406 2833 1440 2892 et
1462 2825 1658 2894 concludere
1674 2823 1783 2914 fulco]
1813 2821 1952 2895 Alludit
1973 2827 2019 2895 ad
2042 2836 2200 2897 veterem

168 2922 247 2994 Vss.
261 2923 339 2998 228
361 2950 441 3019 sqq.
480 2929 525 2996 Et
546 2927 619 2994 iam
639 2923 725 3012 finis
751 2930 827 2991 erat
842 2918 924 3012 etc]
950 2915 1072 2987 lovem
1096 2911 1161 2984 ha·
1210 2946 1364 3007 morem,
1377 2949 1450 3017 quo
1464 2923 1788 2997 sulcusdircebatur
1803 2938 1903 2995 tanto
1919 2927 2048 3018 spatio,
2064 2941 2202 3023 quanto

167 3029 254 3097 here
269 3051 373 3100 curas
386 3025 630 3098 humanarum
650 3024 928 3117 divinarumque
950 3044 1072 3091 rerum
1094 3019 1161 3087 iin-
1211 3026 1297 3096 urbs
1321 3028 1441 3096 sutura
1465 3041 1567 3099 esset.
1685 3027 1765 3099 Vss.
1790 3025 1865 3101 428
1886 3053 1939 3123 sq.
1974 3034 2202 3126 immunesque
2266 3092 2277 3109 .

170 3131 232 3223 git.
283 3129 348 3201 Est
367 3144 486 3201 autern
514 3130 651 3200 alienus
674 3129 773 3198 locus
796 3126 971 3208 insertus,
1002 3134 1043 3193 ut
1063 3145 1161 3192 com-
1211 3123 1489 3225 calumniante]
1515 3130 1678 3213 Portus,‘
1708 3131 1748 3200 in
1770 3130 1900 3225 quibus
1929 3147 2075 3224 possent
2105 3158 2203 3203 com.

171 3232 315 3303 modius
345 3235 509 3304 ordinem
539 3234 658 3323 operis
690 3254 730 3300 ac
753 3225 924 3299 historiae
951 3225 1162 3298 insinuaret.
1211 3232 1344 3301 mercia
1385 3232 1465 3303 fieri
1504 3232 1749 3304 mercimoniis
1791 3234 1947 3304 advectis
1984 3249 2020 3305 et
2051 3248 2204 3310 caetera.

168 3334 248 3408 Vas.
262 3338 426 3432 231sqq.
453 3337 543 3421 Quid
558 3361 650 3407 meus
667 3336 747 3429 erc.]
773 3329 1011 3423 Interrogatio
1026 3352 1161 3422 propo·
1211 3334 1273 3407 Vs.
1288 3333 1376 3408 487.
1398 3338 1427 3407 0
1446 3334 1620 3425 fortunali
1642 3331 1730 3433 etc]
1762 3334 1955 3407 Paululum
1979 3337 2138 3409 reflectit.
2156 3340 2203 3410 al)

170 3439 411 3512 sitionisvice.
497 3439 558 3511 Vs.
574 3438 662 3513 289.
688 3439 855 3520 solabar,
878 3433 967 3526 satis
982 3427 1065 3530 etc]
1092 3432 1161 3503 Ar·
1210 3435 1375 3512 historia.
1432 3437 1590 3512 vetat.
1604 3442 1721 3511 Dacus
1736 3440 1775 3508 in
1789 3442 1872 3511 urbe
1885 3430 1971 3535 etc]
1984 3436 2204 3517 renodsaiu.

168 3557 378 3635 gumentum
395 3568 415 3613 a
430 3543 524 3615 fatis.
601 3541 663 3613 Vs.
672 3539 761 3617 242.
783 3543 941 3610 Antenor
952 3540 1063 3628 potuit
1078 3535 1160 3625 etc]
1183 3536 1188 3603 l
1210 3541 1273 3613 Vs.
1281 3540 1368 3614 448.
1383 3542 1533 3636 sipnunr]
1546 3543 1772 3613 Portentum.
1813 3541 1875 3613 νε.
1888 3540 1975 3614 446.
1983 3548 2205 3618 SidoniaDi·
2291 3576 2295 3583 ²

168 3645 424 3739 Ahexemplo,
451 3659 486 3717 et
503 3670 521 3714 a
537 3645 673 3715 minori
696 3647 741 3716 ad
766 3641 894 3712 maius.
995 3632 1160 3710 V8.250·
1210 3645 1269 3734 do]
1293 3643 1410 3727 Dido,
1436 3645 1530 3713 dicta
1554 3643 1722 3725 Sidonia,
1751 3641 1938 3725 asidona,
1963 3668 2056 3737 quae
2079 3646 2204 3719 civitas

168 3755 261 3834 Nos,
286 3762 346 3820 tua
363 3745 449 3843 etc]
473 3747 690 3840 Applicatio.
799 3742 862 3814 Vs.
883 3736 972 3816 268.
1006 3742 1160 3826 Hiapie·
1211 3747 1370 3837 primum
1391 3745 1488 3814 fodit
1505 3746 1660 3815 metalla.
1748 3742 2203 3846 veteresvineas]

168 3857 253 3922 talis
275 3853 356 3941 etc]
380 3849 615 3919 Exclamatio.
718 3847 780 3918 Vs.
794 3845 883 3919 261.
909 3847 978 3914 Hic
995 3843 1059 3913 titt
1079 3839 1161 3930 etc]
1212 3839 1348 3927 πάθος.
1454 3845 1517 3916 νε.
1533 3843 1621 3917 466.
1653 3849 1812 3938 largaque
1833 3850 2102 3944 numanae-ete]
2128 3849 2204 3942 Hy.

169 3951 379 4043 Respondet
400 3949 536 4042 lupiter
551 3949 684 4018 Veneri
707 3946 967 4018 inconstantiae
990 3941 1161 4015 obiectio·
1213 3949 1372 4041 perhola.
1498 3948 1561 4021 Vs.
1577 3946 1665 4020 468.
1691 3952 1768 4019 Hae
1790 3953 1943 4042 Pteme,
1962 3948 2049 4050 ete]
2081 3952 2218 4044 Fingit,

170 4077 253 4123 nem
271 4054 423 4126 diluens.
475 4050 538 4122 Est
553 4051 860 4123 autemcontinua
877 4048 1055 4143 quaedam
1078 4068 1161 4114 nar·
1212 4054 1391 4123 Homerus
1410 4074 1535 4122 omncs
1550 4050 1732 4121 Troianos
1749 4049 1955 4122 ahAchille
1971 4054 2049 4132 solo
2070 4056 2203 4146 iugari,

170 4159 285 4241 ratio,
312 4182 383 4253 qua
406 4178 546 4226 summa
570 4155 758 4225 Romanae
779 4149 952 4223 historiae
977 4151 1024 4220 ab
1039 4149 1160 4218 Aenea
1213 4158 1372 4229 Graecos
1394 4154 1439 4223 ab
1460 4155 1627 4225 Hectore,
1728 4152 1893 4229 Vnam.
1918 4159 2013 4227 maa
2032 4159 2101 4230 2010
2117 4157 2203 4248 ete]

169 4263 351 4354 usquead
374 4262 575 4349 Augustum
603 4257 864 4349 complectitur.
992 4252 1054 4324 Vs.
1074 4246 1163 4325 275.
1211 4259 1280 4333 Vi's'·
1298 4258 1469 4329 invidiae.
1579 4256 1641 4327 Vs.
1654 4252 1743 4328 486.
1772 4263 1860 4330 llam
1878 4281 1956 4330 aera
1971 4260 2053 4353 etc]
2078 4253 2205 4339 πάθος

169 4361 629 4454 Indelupaeetc.]Regnum
639 4361 905 4433 Romanorum·
938 4352 1162 4447 Vss·284⁵q·
1213 4359 1539 4435 acircumstantiis.
1591 4358 2001 4457 venenosamque
2016 4367 2107 4435 acies
2120 4362 2204 4452 etc]

172 4470 335 4540 Phidiam
359 4459 441 4561 ein]
479 4464 669 4535 Graeciam
700 4462 886 4553 intelligit.
925 4483 1018 4554 quae
1041 4459 1161 4528 diruta
1213 4467 1408 4548 Memnon,
1435 4463 1522 4557 quia
1536 4464 1582 4533 ab
1600 4461 1738 4533 oriente
1752 4475 1912 4548 venerat,
1931 4467 2096 4536 Aurorae
2111 4464 2204 4533 iilius
2234 4486 2238 4493 ’

170 4583 224 4641 est
243 4595 263 4640 a
281 4570 461 4640 Mummio
476 4569 634 4639 consule.
700 4566 762 4638 Vs.
777 4565 865 4642 286.
891 4570 1063 4637 Nascetur
1082 4561 1162 4651 pul·
1214 4569 1321 4641 luisse
1350 4568 1493 4659 legitur.
1567 4566 1764 4637 Historiam
1795 4579 1914 4637 autem
1938 4565 2146 4636 Memnonis
2169 4574 2205 4633 et

172 4667 360 4769 derceto]
385 4672 439 4740 Re
463 4695 549 4740 vera
571 4684 691 4743 autern
719 4668 870 4740 credidit
891 4691 927 4737 se
950 4664 1163 4736 abluloor·
1213 4675 1440 4745 Amazonum
1484 4666 1565 4737 vide
1606 4670 1702 4760 apud
1745 4669 1921 4762 Quintum
1965 4669 2107 4738 Calabr.
2141 4663 2205 4761 ³¹).

173 4789 251 4845 tum
272 4778 419 4847 traxisse
446 4773 596 4855 Caesar;
637 4775 685 4843 ob
705 4771 742 4841 id
765 4768 961 4864 impensius
983 4768 1162 4839 Venerem
1213 4772 1379 4847 Vs,496.
1403 4776 1539 4864 Rapina
1557 4775 1603 4843 ad
1625 4774 1783 4862 templum
1801 4773 1886 4863 etc]
1923 4767 2204 4860 comparatione

175 4877 325 4950 colebat.
442 4874 522 4950 νεε.
541 4876 620 4952 297
635 4902 713 4970 sqq.
740 4880 834 4948 Haec
857 4878 909 4945 aii
925 4873 1008 4963 eim]
1034 4870 1163 4939 Prose·
1215 4878 1368 4970 explicat
1390 4875 1545 4945 sormam
1565 4872 1734 4946 Didonis.
1835 4873 1899 4942 Vs.
1916 4868 2003 4943 607.
2029 4876 2115 4942 Iura
2137 4875 2202 4941 da·

175 4979 299 5073 quitur
317 4978 505 5050 historiam
529 4981 573 5049 de
589 4981 723 5052 Aenea.
824 4975 887 5047 νε.
905 4970 994 5044 806.
1017 4997 1079 5064 per
1102 4997 1163 5043 na-
1213 4985 1271 5054 bat
1286 4993 1351 5051 etc.
1397 4977 1565 5049 Officium
1588 4976 1694 5071 regis.
1797 4975 1859 5046 Vs.
1876 4968 1964 5044 614.
1991 4976 2206 5067 Laetitiaqus

172 5084 275 5174 clem]
301 5081 347 5156 οὐ
371 5079 443 5178 χρὴ
461 5075 681 5176 παννύχιον.
781 5079 861 5152 νεε.
884 5073 960 5149 815
979 5102 1032 5171 sq.
1064 5100 1165 5148 arma
1214 4973 1387 5180 metuqueh
1413 5081 1453 5150 ln
1477 5105 1516 5152 re
1540 5101 1634 5148 nova
1666 5091 1702 5148 ct
1730 5077 1836 5146 dubia
1863 5077 2026 5168 adiungit
2046 5078 2119 5146 iere
2138 5073 2205 5147 hos

172 5187 384 5278 Spartanae]
415 5183 511 5254 Miro
532 5186 681 5256 consilio
702 5184 805 5274 fingit
824 5182 977 5254 similem
999 5176 1162 5249 habitum
1214 5209 1421 5227 ---·-

172 5288 373 5381 Spartanae
396 5288 565 5380 virginis,
592 5300 627 5359 et
644 5283 833 5358 Thraciae.
885 5280 1163 5356 Instituit'enim
1248 5271 1282 5424 3
1300 5269 1440 5407 ᾞἛ
1456 5261 1656 5418 ’ἑᾙζᾚ
1673 5261 1749 5316 414·

1250 5441 1301 5509 tr)
1323 5440 1442 5504 ortatus
1461 5438 1581 5494 curaer
1597 5438 1681 5506 pects
1703 5445 1778 5487 sace.
1790 5432 1841 5490 vt
1864 5432 1980 5502 scripsit
1997 5429 2206 5495 rsrartponm
2346 5501 2349 5505 ,

203 5520 242 5591 3)
260 5524 320 5578 ttae
336 5525 424 5579 schot.
441 5525 470 5578 tn
488 5523 574 5580 nuta
588 5522 683 5592 sam,
702 5523 780 5579 1111.
797 5522 885 5577 deest.
1287 5509 1412 5569 tto-ert.
1701 5577 1752 5654 28
1777 5570 1800 5616 3
