4762 6008
179 280 252 359 685

178 456 285 550 Quod
316 478 400 523 sane
424 455 569 521 tertium
594 451 801 519 comoediae
824 476 934 542 genus
956 450 1024 519 fuit
1049 474 1068 516 a
1094 449 1170 517 Me-

179 560 319 626 nandro
337 571 371 624 et
391 552 601 623 Philemone
620 553 850 634 celebratum,
871 552 934 644 qui
951 574 1093 619 omnem
1113 575 1171 618 co-

181 660 344 728 moediae
357 656 584 723 acerbitatem
602 654 875 743 mitigaverunt,
908 678 928 719 a
952 654 1081 745 quibus
1096 652 1170 720 Ro·

181 787 306 830 manos
321 782 401 827 suas
416 758 552 825 fabulas
572 756 794 824 transtulisse
818 750 1045 846 perhibetur,
1073 757 1168 844 apud

180 888 269 956 quos
293 860 429 950 priums
450 856 573 925 Livius
598 857 825 926 Andronicus
849 853 980 923 Latino
1005 879 1169 925 sermone

180 961 402 1032 comoediam
424 959 583 1050 scripsit,
618 959 732 1027 excito
757 956 981 1026 exlletruria
1011 957 1168 1039 ludione,

180 1065 242 1157 qui
264 1062 385 1132 Hister
411 1062 626 1149 vocabatur,
668 1085 687 1127 a
722 1084 794 1152 quo
823 1055 1007 1128 histrionis
1034 1066 1169 1126 nomen

181 1163 373 1234 emanavit.

476 1330 537 1397 De
566 1329 873 1436 proprietate.

282 1466 500 1534 comoediae
516 1463 705 1555 proprium
721 1463 827 1532 fuisse
842 1462 1002 1532 scribunt
1021 1462 1167 1556 quidam

181 1569 333 1658 vinginti
349 1579 504 1660 quatuor
522 1561 691 1633 adhibere
715 1564 921 1645 saltatores,
957 1577 993 1633 et
1014 1567 1168 1657 quadra-

180 1684 256 1739 tum
283 1666 450 1747 chorum3
484 1679 668 1758 praeterea
685 1666 845 1733 convicia
867 1668 1073 1759 diceresque
1096 1690 1168 1736 ser·

180 1794 306 1840 mones
323 1771 517 1838 continere.
568 1766 658 1837 lllud
675 1792 818 1861 quoque
833 1767 989 1855 ¹minime
1010 1782 1168 1858 praeter·

181 1876 359 1954 eundum,
382 1872 480 1964 quod
496 1870 642 1951 comici,
669 1870 814 1961 satyrici
836 1880 871 1937 et
897 1870 1022 1959 tragici
1043 1893 1168 1941 omnes

180 1998 254 2043 uno
276 1973 423 2041 nomine
445 1972 572 2041 comici
597 1972 766 2062 appellati
793 1982 894 2052 suut,
928 1972 1101 2063 quoniam
1126 1994 1168 2041 ex

179 2075 265 2143 vicis
281 2075 319 2141 in
335 2075 460 2142 urbem
477 2074 681 2163 eruperint,
715 2073 778 2164 qui
803 2069 858 2142 his
882 2073 1011 2141 dedere
1034 2074 1168 2163 princi·

178 2179 291 2268 pium.
342 2174 435 2242 Exin
452 2175 639 2243 distributa
656 2174 886 2243 scribentium
909 2175 1001 2242 ratio
1024 2187 1095 2257 est,
1126 2187 1168 2243 ut

180 2277 307 2346 comici
323 2299 443 2344 servos
461 2288 496 2342 et
516 2270 689 2356 humiles,
724 2275 867 2365 satyrici
891 2276 1059 2358 rusticos,
1095 2289 1167 2343 tra-

180 2380 249 2470 gici
273 2377 401 2446 divites
426 2387 461 2444 et
480 2399 577 2464 reges
603 2375 853 2444 describerent.
918 2376 969 2443 Ac
994 2377 1086 2446 sicut
1108 2401 1166 2447 co-

179 2481 320 2548 moedia
339 2503 358 2545 a
376 2477 460 2548 vicis
487 2489 549 2545 aut
570 2500 589 2543 a
615 2500 741 2545 somno
766 2478 879 2554 dicta;
912 2478 1094 2567 tragoedia
1121 2480 1166 2545 ab

182 2578 283 2650 hirco
301 2592 363 2650 aut
379 2582 524 2647 afaece:
551 2578 600 2646 ita
617 2589 736 2669 satyra
754 2600 772 2645 a
788 2579 929 2669 satyris,
942 2575 1011 2647 hoc
1026 2592 1090 2660 est,
1105 2604 1166 2648 ru-

179 2683 295 2763 sticis,
330 2681 439 2750 illotis
449 2691 490 2748 ‘et
503 2680 743 2770 petulantibus
762 2691 813 2748 est
829 2680 1027 2769 appellata,
1060 2681 1117 2748 vel
1144 2704 1165 2748 a

179 2797 297 2875 satyra
322 2783 441 2863 lance,
476 2806 567 2874 quae
591 2783 718 2848 referta
745 2781 853 2848 variis
876 2781 1067 2874 multisque
1092 2782 1166 2872 pri·
1230 2786 1233 2790 ’

178 2884 308 2966 mitiis,
343 2884 380 2951 in
403 2885 510 2954 sacris
533 2883 764 2953 inserebatur.
831 2883 1039 2953 Notandum
1063 2884 1165 2967 illud,

178 2988 277 3079 quod
290 2986 326 3052 in
342 2984 528 3054 comoedia
542 3009 682 3054 amores
696 2987 770 3053 fere
783 2997 817 3053 et
830 2985 1008 3076 virginum
1024 2997 1164 3075 raptus;

177 3088 215 3155 in
237 3087 421 3177 tragoedia
445 3087 578 3167 luctus,
622 3087 746 3168 exilia,
786 3087 911 3155 caedes
931 3088 1164 3156 introducun-

176 3202 252 3266 tur;
285 3190 322 3254 in
344 3189 528 3256 comoedia
550 3210 663 3277 paene
686 3211 827 3276 semper
848 3188 960 3258 exitus
983 3188 1085 3268 laeti3
1125 3188 1165 3256 in

177 3287 361 3378 tragoedia
386 3288 522 3367 tristes,
556 3300 591 3354 et
613 3288 829 3368 liberorum,
863 3290 1163 3383 fortunarumque

176 3392 341 3481 priorum
357 3389 476 3478 impar
491 3387 639 3477 agnitio.

509 3555 576 3649 De
617 3579 829 3644 genere.

277 3690 417 3780 Duplex
442 3701 493 3758 est
516 3689 722 3758 coinoediae
746 3714 875 3779 genus3
915 3714 998 3757 narn
1020 3715 1162 3761 comoe-

175 3791 315 3860 diarum
339 3792 409 3858 alia
435 3791 603 3881 palliata,
638 3803 756 3881 togata
781 3792 861 3860 alia.
928 3792 1078 3861 Palliata
1103 3819 1162 3863 co·

175 3892 316 3960 moedia
336 3906 407 3974 est,
434 3917 525 3985 quae
542 3895 738 3962 secundum
757 3893 846 3962 ritus
867 3905 902 3960 et
922 3889 1066 3965 habitus
1085 3897 1161 3986 pal-

174 3993 362 4077 liatorum,
389 3994 512 4077 idest,
540 3993 760 4063 Graecorum
780 3992 881 4085 (nam
900 3996 1028 4065 Graeci
1051 4021 1158 4088 supra

174 4095 332 4164 tunicam
350 4095 500 4187 pallium
516 4097 714 4192 ferebant),
739 4096 902 4179 scenicis,
929 4110 1035 4192 atque
1049 4100 1160 4169 Grae-

175 4196 224 4265 cis
238 4198 455 4286 argumentis
472 4194 633 4266 habitum
648 4197 840 4290 palliorum
858 4199 1047 4282 desiderat,
1067 4224 1159 4292 quae

174 4297 330 4388 primum
359 4325 379 4366 a
400 4298 548 4368 Graecis
572 4300 610 4366 in
626 4298 795 4369 Latinum
818 4323 919 4370 versa
944 4315 996 4370 est
1019 4301 1157 4371 aLivio

124 4396 127 4401 ’
172 4399 400 4479 Andronico,
427 4425 532 4492 quem
552 4402 655 4469 multi
671 4402 801 4470 deinde
821 4414 905 4471 sunt
921 4403 1042 4484 secuti,
1070 4404 1158 4473 Cae-

173 4503 274 4572 cilius
306 4501 457 4582 scilicet,
501 4501 668 4586 Plautus,
709 4503 917 4586 Terentius,
960 4504 1157 4598 Turpilius,

172 4605 313 4675 Trabea
347 4618 380 4672 et
413 4603 532 4694 plures
566 4604 638 4674 alii.
698 4604 932 4674 Palliatarum
954 4607 1156 4678 fabularum

171 4730 299 4796 genera
317 4718 473 4802 quatuor
490 4705 654 4776 existunt.
669 4710 671 4714 ‘
705 4705 920 4798 Tragicum,
947 4709 984 4775 in
1002 4734 1074 4802 quo
1096 4707 1157 4780 he-

171 4830 249 4878 roes
273 4824 306 4880 et
332 4824 432 4902 reges
454 4809 786 4880 introducebantur.
839 4808 1022 4879 Carnicum
1045 4813 1157 4882 Grae·

171 4930 229 4977 cos
245 4915 333 4982 ritus
351 4925 385 4981 et
401 4914 557 4983 Graecas
575 4911 796 5002 exprimebat
812 4934 992 5003 personas.
1045 4911 1085 4982 ln
1102 4939 1157 4984 sa-

170 5011 283 5100 tyrico
300 5017 374 5082 lere
393 5015 604 5108 Satyrorum
621 5037 817 5105 personae,
852 5026 885 5083 et
902 5014 1073 5083 ridiculae
1092 5017 1156 5085 Sa-

170 5111 267 5203 tyris·
284 5114 416 5185 similes
448 5116 594 5186 ludendi
618 5116 832 5209 incendique
856 5140 959 5185 causa
980 5115 1155 5187 inducun-

170 5226 249 5294 tur,
276 5225 313 5280 ut
330 5228 509 5302 spectator
523 5219 617 5288 inter
631 5219 783 5310 tragicas
801 5218 982 5311 seriesque
1009 5220 1096 5289 iocis
1120 5233 1156 5288 et

167 5315 302 5385 lusibus
316 5314 562 5387 delectaretur.
617 5320 764 5389 Mimica
781 5344 867 5390 vero
882 5290 1001 5389 fabula
1018 5335 1070 5393 est
1082 5346 1156 5392 ser-

168 5418 284 5490 monis
307 5417 493 5486 cuiuslibet
514 5432 653 5502 motus,
695 5425 770 5492 sine
803 5423 1015 5493 reverentia.
1081 5424 1156 5494 To·

754 279 876 349 ran.
911 278 1022 350 rien.
1058 258 1261 350 scalpta
1291 276 1627 353 rnreoroorca

2142 280 2222 363 6874

1221 463 1302 540 gata
1326 451 1510 519 comoedia
1529 465 1600 535 est,
1628 476 1719 544 quae
1742 454 1938 523 secundum
1953 456 2042 524 ritus
2059 469 2093 524 et
2109 453 2218 528 habi·

1221 565 1278 623 tus
1294 562 1518 641 togatorum,
1550 553 1587 620 id
1612 566 1685 635 est,
1712 553 1962 624 Romanorum
1988 557 2115 648 scripta
2147 577 2214 646 est,

1220 654 1368 723 scenicis
1389 665 1496 746 atque
1510 653 1649 724 Latinis
1676 658 1896 745 argumentis
1919 670 2083 747 togarum
2107 657 2211 731 habi·

1222 768 1297 824 tum
1315 756 1529 845 exprimens.

1322 873 1544 962 Togatarum
1559 874 1761 943 fabularum
1779 875 1912 966 species
1933 888 2016 944 sunt
2032 878 2213 969 squatuor.

1219 973 1312 1043 Nam
1337 976 1428 1043 aliae
1445 988 1707 1066 praetextatae,
1737 978 1921 1077 inquibus
1946 978 2211 1068 imperatorum

1220 1076 1362 1165 negotia
1380 1079 1595 1165 agebantur,
1623 1078 1774 1146 dictaeo
1793 1093 1995 1169 praetexta,
2022 1105 2094 1171 qua
2110 1107 2212 1173 reges

1145 1170 1169 1257 ’,ἶ
1220 1179 1276 1245 vel
1300 1172 1679 1268 magistratusllomae
1703 1181 1907 1249 utebantur.
1961 1180 2211 1257 Tabernariae

1218 1274 1420 1347 humilitate
1444 1294 1679 1370 personarum
1705 1294 1739 1348 et
1765 1294 2057 1372 argumentorum
2083 1286 2213 1355 simili-

1219 1381 1362 1462 tudine,
1388 1381 1583 1450 comoediis
1599 1406 1703 1473 pares
1720 1383 1905 1466 dicuntur,
1932 1385 2117 1476 inquibus
2134 1415 2212 1460 non

1219 1483 1466 1571 magistratus,
1492 1507 1681 1576 regesque,
1716 1488 1776 1554 sed
1800 1481 1954 1555 humiles
1979 1481 2148 1560 homines
2176 1506 2211 1560 et

1219 1585 1379 1673 privatae
1395 1586 1522 1655 domus
1538 1588 1776 1669 inducuntur,
1801 1610 1912 1680 quae,
1937 1591 2035 1679 quod
2052 1591 2139 1660 olim
2157 1607 2212 1662 ta·

1218 1686 1311 1755 bulis
1328 1699 1544 1776 tegerentur,
1566 1689 1805 1758 communiter
1818 1689 2044 1759 tabernariae
2062 1707 2211 1765 vocatae

1219 1799 1312 1857 sunt.
1371 1789 1556 1857 Atellanae
1581 1812 1602 1856 a
1625 1791 1767 1859 civitate
1788 1789 1966 1860 Oscorum
1990 1794 2126 1880 Atella,
2168 1798 2208 1865 in

1219 1912 1288 1982 qua
1306 1889 1464 1979 primurn
1482 1905 1688 1981 coeperunt,
1715 1905 1798 1963 sunt
1814 1893 2080 1978 denominatae,
2106 1898 2206 1968 simi-

1218 1991 1269 2060 les
1286 1992 1447 2082 satyricis
1464 2005 1499 2060 et
1514 1994 1657 2063 Graecis
1671 1994 1811 2064 fabulis.
1854 1994 2209 2085 PlanipedesGraeci

1219 2093 1387 2162 dicuntur
1402 2095 1522 2178 mimi,
1549 2095 1630 2163 ideo
1650 2120 1669 2163 a
1686 2094 1824 2165 Latinis
1846 2096 2069 2186 planipedes,
2106 2104 2207 2193 quod

1218 2207 1355 2263 actores
1373 2195 1489 2284 planis
1505 2198 1674 2286 pedihus,
1703 2199 1739 2264 id
1761 2210 1830 2278 est,
1857 2199 1959 2266 nudis
1975 2203 2204 2288 proscenium

1218 2296 1428 2377 introirent,
1454 2320 1548 2381 non,
1576 2311 1614 2366 nt
1627 2300 1754 2389 tragici
1775 2313 1928 2381 actores,
1955 2323 2033 2367 cnm
2059 2300 2206 2373 cothur-

1217 2397 1290 2477 nis,
1316 2420 1432 2490 neqne
1449 2412 1488 2466 ut
1504 2400 1631 2467 comici
1651 2426 1730 2469 cum
1747 2403 1857 2471 soccis
1872 2400 1959 2469 olim
1975 2400 2013 2469 in
2037 2419 2206 2495 suggestu

1216 2521 1362 2582 scenae,
1404 2501 1466 2569 sed
1494 2503 1532 2568 iu
1559 2503 1668 2592 plano
1702 2499 1904 2573 orchestrae
1927 2504 2052 2594 positis
2073 2508 2205 2578 instru-

1218 2600 1346 2671 mentis
1364 2601 1515 2673 mimicis
1530 2604 1693 2694 agebant.

1474 2754 1489 2770 ἰ
1540 2791 1601 2861 De
1632 2795 1874 2887 qualitate.

1318 2921 1512 2992 Comoedia
1546 2940 1607 2997 aut
1637 2930 1792 2998 motoria
1827 2944 1898 3014 est,
1938 2931 2064 3015 idest,
2105 2957 2201 3026 quae

1216 3044 1272 3091 res
1289 3025 1512 3096 turbulentas
1526 3028 1681 3113 inducit,
1714 3045 1754 3101 ut
1777 3028 2015 3122 Amphitruo;
2049 3047 2110 3102 aut
2130 3048 2201 3103 sta·

1217 3123 1327 3206 taria,
1353 3122 1422 3195 hoc
1437 3139 1507 3210 cst,
1542 3155 1710 3223 quaeres
1734 3133 1896 3202 continet
1918 3135 2131 3228 quietiores,
2162 3149 2204 3206 ut

1216 3224 1433 3309 Cistellaria,
1483 3230 1929 3315 lleautontimorumenos3
1983 3251 2045 3306 aut
2079 3238 2204 3321 mixta,

1215 3350 1308 3418 quae
1322 3353 1365 3396 ex
1384 3343 1536 3425 utroque
1560 3347 1641 3403 actu
1663 3336 1841 3417 consistit,
1871 3349 1912 3403 ut
1934 3337 2091 3420 Andria,
2127 3338 2206 3407 Eu·

1214 3425 1371 3514 nuchus‚
1394 3429 1568 3522 Adelphi,
1592 3434 1728 3525 Hecyra
1747 3449 1783 3504 et
1797 3435 1982 3505 Phormio.

1494 3613 1562 3685 De·
1585 3620 1911 3707 appellatione.

1316 3743 1504 3814 Caeterum
1523 3750 1705 3818 comoedia
1722 3765 1784 3820 aut
1800 3752 1846 3819 ab
1871 3750 2020 3819 alicuius
2048 3754 2201 3823 nornine

1212 3866 1387 3933 personae
1404 3850 1682 3939 appellationem
1697 3853 1824 3935 sumit,
1850 3864 1891 3920 nt
1907 3848 2102 3933 Phorrnio;
2137 3868 2203 3924 aut

1212 3946 1350 4029 aloco,
1378 3961 1418 4015 ut
1432 3950 1586 4031 Andria;
1615 3966 1708 4022 atita
1725 3956 1840 4033 facto,
1867 3954 2100 4036 utAsinaria,
2126 3955 2202 4024 Eu-

1211 4043 1368 4126 nuchus;
1404 4064 1467 4120 aut
1481 4054 1526 4120 ab
1550 4068 1699 4139 eventu,
1726 4055 1805 4150 ιη’)
1821 4054 2203 4129 Heautontimorume-

1210 4172 1277 4218 nos
1293 4162 1328 4218 et
1342 4150 1638 4225 Commorientes.

1542 4336 1603 4405 De
1631 4339 1860 4409 membris.

1311 4469 1399 4538 Tria
1430 4483 1513 4538 sunt
1546 4473 1814 4543 comoediarum
1847 4475 2006 4542 membra
2019 4478 2053 4557 ,'‘
2079 4475 2198 4544 diver-

1209 4571 1329 4653 bium,
1355 4570 1552 4655 canticum,
1579 4568 1721 4645 chorus.
1774 4574 1946 4645 Diverbia
1969 4589 2053 4646 sunt
2075 4587 2195 4668 partes

1209 4673 1496 4756 comoediarum,
1535 4677 1573 4741 in
1602 4676 1731 4767 quibus
1762 4677 1986 4746 diversorum
2017 4701 2200 4769 personae

1207 4787 1407 4845 versantur.
1435 4775 1613 4844 Personae
1631 4790 1748 4846 antem
1765 4779 2008 4848 diverbiorum
2027 4781 2198 4848 autduae

1208 4889 1271 4945 ant
1296 4889 1388 4960 tres,
1431 4889 1494 4946 ant
1516 4902 1599 4946 raro
1625 4891 1780 4971 quatuor
1804 4904 1878 4950 esse
1909 4882 2057 4959 debent;
2101 4881 2200 4950 ultra

1208 5001 1336 5068 augere
1354 5002 1543 5049 numerum
1561 4981 1741 5050 nonlicet.
1768 4981 1808 5050 ln
1823 4982 1967 5050 canticis
1985 5006 2099 5051 unam
2117 4996 2199 5051 tan-

1207 5092 1283 5148 tum
1298 5105 1372 5151 esse
1389 5093 1532 5171 oportet
1548 5106 1761 5173 personam,
1787 5096 1868 5167 atat,
1895 5085 1924 5153 si
1938 5085 2031 5151 duae
2046 5084 2197 5166 fuerint,

1206 5181 1256 5250 ita
1280 5184 1410 5251 dehent
1433 5208 1525 5266 esse,
1565 5196 1605 5253 ut
1629 5209 1670 5252 ex
1696 5187 1832 5254 occulto
1858 5209 1930 5254 rina
1950 5186 2097 5271 audiat,
2132 5210 2198 5256 nee

1207 5356 1412 5370 ---··--·-

1239 5450 1273 5510 Β)
1289 5446 1332 5516 ut]
1354 5450 1405 5501 troo
1424 5448 1485 5513 lpse
1500 5449 1653 5514 adseripest
1678 5450 1708 5499 tn
1726 5450 1775 5501 rt.
1793 5449 1869 5503 rste.
1889 5449 1976 5501 deest
