4762 6008
100 290 175 365 149

99 462 218 533 nullus
234 460 345 541 alius,
372 470 586 548 etsumptu,
612 456 674 527 ubi
690 480 779 547 opus
799 466 851 526 est
875 467 942 523 etc.
993 452 1094 522 Salo-

98 588 204 633 mon:
231 562 315 633 Non
332 562 393 630 des
409 559 641 630 substantiam
659 572 757 627 tuam
774 557 928 640 crudeli,
965 555 1001 623 id
1029 566 1094 636 est,

97 689 175 735 non
196 664 272 734 alas
293 658 498 743 hirudines,
529 685 621 754 qnae
645 673 679 729 te
704 671 887 750 exsugant.
939 655 1093 725 Laetan-

98 769 185 839 dum
217 778 269 837 est
300 766 437 847 officio,
474 789 549 833 non
574 765 730 846 iactura,
763 761 977 844 arrrissione,
1009 783 1093 851 pro·

96 869 249 942 fusione.

200 969 396 1061 Episcopus
406 965 689 1058 Augsburgensis
705 964 841 1055 excepit
855 959 1011 1053 hospitio
1028 964 1092 1031 du-

98 1096 175 1141 cern
191 1071 388 1153 saxoniae,
415 1083 450 1139 et
463 1072 609 1165 quando
625 1093 695 1137 una
721 1091 843 1137 mensa
868 1078 921 1135 est
942 1077 1092 1146 rcumta,

98 1173 333 1243 evolaverunt
357 1197 459 1254 aves,
497 1184 532 1239 et
560 1172 609 1238 ita
639 1169 805 1260 deinceps
835 1168 1005 1237 instructa
1041 1179 1093 1236 est

96 1298 191 1345 nova
209 1299 344 1347 mensa.
383 1270 444 1343 lsti
458 1297 532 1341 non
546 1272 725 1341 laetantur
740 1268 872 1353 officio,
897 1271 959 1339 sed
975 1280 1091 1338 osteu-

96 1374 234 1446 tatione
258 1389 294 1445 et
315 1376 534 1465 profusione.
593 1374 657 1465 Stb
681 1372 781 1446 nolte
803 1374 853 1446 blt
877 1373 969 1445 tuelle
994 1370 1091 1445 litbtt

95 1481 145 1553 tm
158 1477 289 1569 &born
307 1477 417 1568 tarn,
446 1480 530 1551 tran
546 1478 607 1549 bae
621 1474 666 1571 aa
682 1475 762 1569 nid)
779 1476 878 1565 nolte
894 1469 992 1564 tofta
1007 1475 1091 1549 ticos

96 1583 186 1653 titttt
205 1582 271 1649 isto
288 1582 396 1671 longo
414 1590 602 1669 apparatu.
661 1574 664 1581 '

199 1682 334 1749 Terror
349 1694 509 1750 veterum
527 1672 744 1775 bominum]
768 1676 809 1747 ld
831 1689 902 1759 est,
938 1678 1000 1771 qui
1024 1677 1091 1746 ful-

95 1783 192 1850 mine
218 1795 332 1852 totum
355 1806 465 1873 genus
489 1777 687 1851 humartum
713 1792 841 1863 terret,
881 1783 1009 1869 perdat
1032 1803 1089 1848 me

94 1885 265 1967 fulmine,
288 1884 319 1954 si
334 1908 399 1975 ego
414 1907 489 1954 non
506 1883 741 1975 suppeditabo
756 1878 832 1965 his,
858 1881 921 1975 qui
936 1906 993 1951 mc
1010 1881 1089 1950 dili-

95 1999 203 2077 gunt,
230 1989 291 2056 sed
308 2011 369 2057 ero
386 1983 548 2057 hostibus
563 1987 668 2055 dolor
685 1998 720 2054 et
734 1987 918 2054 damnum.

199 2087 345 2158 Contra.
385 2087 684 2159 Benefacicndum
701 2100 753 2158 est
768 2084 1087 2155 malefacientibus:

94 2210 180 2281 crgo
196 2202 261 2261 etc.
311 2190 546 2282 Respondent
579 2188 759 2285 Loquitur
783 2191 826 2257 de
848 2187 1005 2256 vindicta
1032 2211 1089 2255 or-

94 2290 238 2376 dinata,
264 2295 308 2361 de
323 2294 478 2384 publica.
520 2292 706 2362 Privatum
723 2316 785 2359 cor
797 2292 902 2359 debet
915 2313 989 2359 esse
1004 2288 1089 2356 alie-

93 2416 182 2463 num
198 2416 219 2462 a
236 2395 430 2485 cupiditate
445 2393 635 2461 vindictae.
668 2393 737 2460 Sed
752 2391 854 2480 pravi
869 2390 1089 2481 reprimendi

93 2508 197 2578 sunt,
231 2495 365 2564 scilicet
388 2492 591 2562 sicutDeus
611 2492 802 2559 ordinavit.
861 2488 902 2556 ln
918 2489 1090 2579 principi·

91 2598 161 2667 bus
180 2596 287 2662 debet
304 2618 376 2665 esse
393 2594 504 2677 zelus,
530 2592 703 2675 Nemesis,
730 2593 782 2666 ria
797 2589 899 2677 ttull,
925 2589 1089 2679 indigna·

93 2696 147 2766 tio
165 2698 334 2766 adversus
350 2695 511 2764 enormia
528 2694 676 2776 delicta,
704 2694 787 2786 quia
807 2694 893 2789 quid
911 2704 964 2761 est
977 2691 1089 2763 levius

92 2810 129 2867 et
150 2797 318 2887 nugatius
331 2796 518 2889 principe,
560 2795 623 2888 qui
649 2795 793 2865 tollerat
820 2794 914 2885 apud
939 2817 976 2862 se
1000 2793 1088 2864 tales

90 2896 278 2982 homines,
315 2922 469 2993 quorum
500 2910 583 2967 sunt
606 2898 738 2967 scelera
762 2910 847 2965 nota
873 2909 908 2964 et
930 2894 1087 2987 publica,

92 3014 135 3071 nt
148 3000 325 3084 latrones,
349 3002 495 3071 lenones
513 3012 578 3070 etc.
611 2999 709 3070 Deus
723 3000 800 3069 vult
814 2997 970 3090 conspici
985 3021 1085 3069 suam

92 3102 266 3173 iustitiam
284 3103 322 3171 in
338 3104 463 3195 poenis
478 3102 648 3194 publicis,
675 3114 709 3170 et
731 3105 877 3195 quando
900 3101 1087 3191 magistra-

93 3219 150 3276 tus
165 3230 240 3274 non
255 3207 379 3297 punit,
400 3210 486 3275 tunc
502 3205 577 3296 ipse
593 3205 708 3296 punit.
750 3204 849 3273 Sicut
863 3203 959 3273 Deus
976 3204 1086 3273 distu-

91 3308 135 3377 lit
147 3332 303 3401 poenam
322 3307 438 3378 Diasii
454 3305 713 3378 sceleratissimi
729 3307 928 3398 parricidae
947 3305 984 3373 in
1002 3328 1086 3373 con-

95 3409 234 3495 cilium,
260 3411 322 3479 ubi
343 3423 433 3481 esset
458 3411 575 3504 aliqua
600 3409 814 3502 frequentia.
865 3405 926 3478 llle
942 3406 1086 3478 Diasius

93 3523 176 3583 ante
194 3514 401 3585 sexennium
423 3514 462 3581 in
479 3513 612 3604 oppido
627 3511 803 3581 Bavarico
818 3509 976 3579 Palatini
990 3509 1086 3579 Hen-

91 3615 157 3683 rici
175 3616 276 3685 ducis
292 3616 465 3706 Neubnrg
486 3615 661 3684 interfecit
683 3613 884 3708 fratrem⁰⁸)
906 3613 1083 3706 (Historia

90 3729 145 3788 est
180 3719 355 3809 descripta
387 3719 425 3785 in
460 3715 647 3787 Chronicis
673 3716 856 3807 Carionis)
892 3728 1083 3806 propterea

90 3820 190 3913 quod
211 3821 322 3890 frater
343 3820 554 3889 adiunxerat
577 3845 614 3890 se
637 3819 768 3891 nostris
790 3817 966 3887 Ecclesiis.
1023 3813 1084 3881 llle

86 3945 175 3990 curu
193 3920 433 3990 crudelissime
450 3922 680 3991 interfecisset
693 3945 795 4003 eum,
819 3918 908 3986 abiit
916 3914 1085 3997 Romam,

87 4036 128 4097 et
146 4045 366 4116 quamquam
386 4021 490 4090 estin
505 4021 632 4088 itincre
649 4032 790 4108 captus,
816 4031 938 4087 tamen
960 4029 1013 4086 est
1031 4018 1085 4086 di-

89 4127 220 4197 missus
244 4123 282 4191 in
312 4123 448 4193 ditione
470 4123 562 4212 regis
583 4120 816 4193 Ferdinandi.
881 4119 989 4188 Venit
1010 4119 1084 4189 Ho-

89 4252 211 4309 mam,
254 4239 307 4295 est
326 4238 474 4295 ornatus
498 4224 724 4315 episcopatu,
763 4236 800 4290 et
827 4218 1084 4291 cathortemate

91 4332 190 4423 qnod
206 4330 358 4411 fecerat,
378 4352 453 4396 non
471 4341 524 4397 est
537 4327 704 4418 punitus,
736 4324 812 4415 ipse
826 4325 895 4395 sibi
908 4325 979 4392 iam
1000 4347 1084 4393 con-

91 4433 195 4503 scivit
217 4444 369 4501 mortem
392 4430 545 4523 laqueo,
580 4442 633 4499 cst
660 4429 827 4497 inventus
855 4428 1015 4517 pendens
1045 4426 1084 4495 in

92 4533 232 4605 stabulo
250 4535 288 4603 in
305 4533 466 4603 Concilio
482 4531 709 4602 Tridentino.
767 4528 865 4599 Deus
888 4542 1007 4600 servat
1027 4553 1084 4598 re-

91 4637 231 4727 gulam:
258 4636 330 4727 Qui
350 4636 506 4725 gladium
525 4634 719 4724 acceperit,
745 4632 864 4720 gladio
881 4631 1023 4722 peribit.

194 4737 271 4809 Vas.
287 4737 362 4809 879
375 4765 428 4832 sq.
450 4736 541 4806 Bibe
560 4737 682 4805 viuum
700 4734 771 4803 mei
787 4734 940 4817 verticis,
965 4733 1084 4819 idest,

92 4840 287 4910 cacuminis
301 4842 338 4908 in
356 4853 498 4922 monte,
524 4841 622 4933 quod
641 4861 658 4907 a
677 4849 798 4906 monte
817 4835 978 4928 Taygeto
1000 4859 1084 4927 pro·

92 4938 225 5027 venit]
255 4939 297 5011 ln
325 4955 399 5013 tota
428 4941 588 5011 Laconia
618 4953 672 5011 est
699 4939 851 5009 multura
882 4937 971 5007 boni
995 4938 1083 5007 vini.

90 5042 341 5115 Monembasia
357 5058 409 5117 cst
424 5044 546 5117 civitas
558 5043 723 5136 Argolica
739 5036 865 5124 hodie,
891 5064 982 5134 quae
996 5039 1083 5108 olim

97 5233 305 5251 ’.κ-.-

127 5340 179 5401 18)
197 5340 269 5391 vlle
287 5338 322 5390 tle
347 5340 400 5389 beo
421 5338 506 5389 mede
526 5337 570 5389 21.
583 5336 665 5387 Hert·
684 5334 760 5389 1848.
783 5336 943 5401 susam·
960 5334 1084 5389 flleldul

165 5410 199 5460 ts
216 5410 294 5460 aestu
311 5406 393 5471 rute
411 5407 439 5456 ot
456 5406 639 5471 cuperculo
653 5404 825 5457 tusum
840 5408 1016 5459 comeum.
1033 5406 1082 5461 tib.

163 5478 253 5529 XVlL
272 5478 301 5527 tn
318 5475 462 5540 prtnclplo.

477 282 662 356 LXXVlll.
719 280 1010 357 Exettca‘rto
1043 278 1427 355 SENTENTIAHUM
1461 279 1767 355 THEOGNlDlS.

2065 284 2140 361 160

1146 449 1451 594 fuitgpidaurus,
1486 476 1593 546 quam
1611 452 1789 523 Homerus
1812 465 1918 522 vocat
1939 449 2142 548 ἀμπελόεσ-

1146 577 1219 626 σαν
1279 603 1289 623 .

1247 553 1309 741 ils.
1328 673 1415 742 881.
1440 672 1593 774 Βῆσσα]
1619 674 1745 766 Βίεῖε,
1772 676 1865 764 apud
1881 699 1947 744 nos
1967 673 2140 766 significat

1145 775 1264 844 locum
1288 774 1478 865 irriguum.

1246 893 1324 964 Vss.
1339 893 1568 966 881-886.
1595 891 1635 962 lu
1653 893 1786 985 campis
1806 892 1939 961 montis
1961 893 2139 962 adducens

1143 994 1310 1087 frigidam
1341 1019 1473 1089 aquam
1503 1021 1521 1064 a
1550 997 1733 1087 plataneto
1768 994 1910 1075 bibens,
1951 994 2139 1086 dissipabis

1143 1099 1312 1169 molestas
1330 1122 1433 1167 curas
1456 1109 1520 1167 etc.
1573 1098 1649 1167 Pax
1674 1111 1709 1166 et
1733 1097 1880 1165 divitiae
1900 1091 2056 1165 babeant
2078 1121 2139 1167 ur·

1143 1201 1246 1284 bem,
1271 1211 1310 1270 ut
1327 1223 1404 1268 eam
1423 1200 1467 1266 ad
1484 1201 1649 1269 convivia
1667 1200 1724 1268 vel
1738 1211 1882 1268 cantum
1899 1198 1937 1267 in
1959 1198 2138 1282 convivio,

1143 1325 1217 1370 non
1235 1326 1317 1370 amo
1339 1302 1484 1369 bellum.

1244 1420 1321 1491 Vss.
1334 1420 1410 1490 887
1424 1446 1477 1513 sq.
1503 1418 1627 1512 Neque
1646 1419 1748 1488 valde
1765 1418 1969 1502 admoveto,
1991 1445 2139 1514 suspen·

1142 1520 1218 1591 dito
1237 1547 1382 1605 aurem,
1411 1523 1447 1589 id
1473 1534 1545 1604 est,
1577 1545 1651 1589 non
1680 1520 1854 1589 attendito
1877 1523 2066 1611 praeconi,
2099 1522 2138 1593 id

1143 1637 1212 1707 est,
1253 1648 1327 1693 non
1351 1636 1471 1692 amato
1498 1623 1595 1702 lites;
1636 1646 1710 1690 non
1740 1622 1834 1692 enim
1859 1623 2069 1694 dimicamus
2090 1626 2135 1694 de

1142 1727 1258 1817 patria
1284 1720 1413 1823 terra]
1446 1724 1614 1793 Privatae
1637 1725 1850 1795 offensiones
1878 1727 2136 1795 condonandae

1141 1841 1245 1912 sunt,
1288 1851 1363 1896 uon
1389 1839 1441 1896 est
1466 1829 1720 1918 pugnandum,
1753 1827 1821 1897 nisi
1845 1852 1924 1896 cum
1948 1828 2136 1899 necessitas

1141 1930 1299 2021 postulat
1322 1932 1365 1999 de
1388 1928 1516 2020 patria.
1569 1928 1688 1997 Homo
1711 1930 1816 1998 debet
1839 1954 1912 1999 esse
1935 1922 2136 2025 φιλήσυχος

1139 2028 1204 2103 καὶ
1226 2023 1459 2129 δραστήριος.
1525 2028 1656 2101 Noster
1678 2029 1875 2123 imperator
1898 2033 2057 2122 profecto
2083 2043 2136 2102 est

1140 2134 1233 2203 talis.

1241 2250 1320 2321 Vss.
1338 2248 1413 2320 889
1429 2275 1506 2345 sqq.
1534 2250 1589 2320 Sis
1605 2249 1708 2320 fortis
1724 2248 1762 2319 in
1778 2251 1928 2342 proelio.

1241 2369 1318 2439 Vss.
1335 2367 1476 2463 889sq.
1518 2369 1642 2460 Turpe
1667 2382 1720 2440 est
1749 2383 1972 2461 praesentem
1996 2369 2036 2438 in
2058 2370 2134 2441 acie

1141 2471 1435 2539 conscendentem
1459 2472 1589 2544 celeres
1613 2496 1743 2567 equos,
1781 2497 1856 2541 non
1880 2472 2060 2562 adspicere
2082 2473 2134 2541 la·

1141 2565 1359 2663 cbrymabile
1382 2572 1545 2664 bellum]
1578 2573 1616 2643 ld
1640 2587 1710 2657 est,
1744 2588 1849 2666 turpe
1872 2587 1924 2643 est
1944 2577 2066 2664 fugere
2090 2598 2133 2646 ex

1139 2672 1252 2740 bello:
1283 2684 1403 2740 tamen
1419 2673 1466 2743 sis
1480 2674 1603 2759 fortis,
1629 2676 1728 2745 domi
1742 2678 1789 2747 sis
1801 2677 1953 2771 quietus.

1240 2790 1319 2861 Vss.
1341 2789 1570 2863 891-894,
1605 2794 1684 2864 Heu
1708 2795 1848 2884 ignavia
1876 2796 1983 2888 periit
2005 2794 2134 2864 Corin-

1140 2888 1289 2988 rhus⁷·),
1314 2897 1504 2977 tondetur,
1528 2907 1689 2964 vastatur
1703 2896 1837 2985 optima
1855 2898 1958 2965 vinea
1976 2895 2131 2966 Lelanti.

1137 2994 1233 3064 Boni
1265 2994 1407 3084 fugiunt
1438 2997 1715 3085 rempublicam,
1764 2998 1851 3065 mali
1879 2998 2134 3066 administrant

1139 3097 1408 3189 rempublicam.
1468 3097 1617 3167 Utinam
1645 3100 1790 3192 tyranni
1813 3113 1979 3191 pereant,
2014 3111 2132 3167 totum

1138 3224 1249 3289 genus
1264 3200 1491 3292 tyrannicum
1515 3213 1659 3289 pereat,
1690 3204 1787 3294 quod
1816 3203 1979 3271 imitatur
2000 3200 2132 3293 Cypse-

1137 3302 1232 3385 lam,
1258 3303 1322 3396 qui
1338 3302 1407 3371 fuit
1426 3314 1611 3392 tyrannus.
1668 3302 1840 3399 Kvps'tq,
1877 3305 1929 3378 ata
1944 3303 2044 3394 esst.
2069 3304 2133 3377 wit

1137 3406 1200 3480 nit
1215 3405 1331 3498 fagea,
1358 3406 1410 3480 ria
1426 3402 1562 3497 Hispal.

1238 3522 1399 3616 astion)
1413 3524 1481 3595 fuit
1497 3525 1582 3595 civis
1600 3524 1636 3592 in
1654 3520 1870 3606 Corinthiis,
1897 3527 2029 3617 dequo
2054 3524 2131 3591 fue-

1137 3639 1222 3695 runt
1237 3626 1426 3708 v'aticinia,
1454 3627 1564 3695 lilium
1589 3621 1797 3697 habiturum
1820 3650 1984 3715 regnum.
2037 3624 2129 3693 Cum

1137 3728 1246 3813 igitur
1259 3738 1350 3796 esset
1365 3739 1469 3795 naitus
1486 3749 1595 3815 puer,
1623 3728 1732 3797 altera
1750 3728 1884 3796 familia
1903 3725 2045 3793 inimica
2063 3725 2131 3793 rni-

1135 3825 1182 3894 sit
1211 3849 1438 3917 percussores
1460 3827 1643 3897 ministros
1668 3827 1824 3910 dveld,
1864 3827 1927 3919 qui
1955 3828 2129 3896 interlice-

1135 3939 1217 3994 rent
1240 3950 1403 4017 puerum.
1467 3927 1556 3996 Cum
1581 3930 1733 3999 venisset
1756 3928 1795 3998 in
1819 3931 1966 3997 domum
1990 3928 2128 4020 primus

1135 4052 1343 4121 percussor,
1367 4028 1476 4097 iacuit
1493 4029 1610 4101 infans
1626 4029 1663 4099 in
1679 4030 1798 4114 cunis,
1824 4030 1943 4101 arrisit
1959 4031 2128 4115 suaviter,

1134 4131 1317 4200 blanditus
1341 4143 1393 4199 est
1415 4129 1507 4213 risu,
1543 4157 1607 4201 suo
1633 4135 1788 4225 quodam
1812 4135 1899 4204 fato.
1965 4129 2027 4202 lllc
2050 4154 2128 4202 non

1133 4235 1254 4325 potuit
1275 4232 1472 4301 interficere
1495 4246 1615 4304 motus
1638 4236 1901 4315 misericordia;
1935 4235 1996 4303 alii
2017 4235 2128 4304 etiam

1133 4358 1209 4404 non
1226 4336 1417 4405 voluenmt
1430 4334 1639 4406 interficere.
1666 4336 1859 4430 Egreditur
1875 4339 1996 4407 domo.
2028 4335 2128 4406 Tan·

1134 4440 1216 4507 dem
1231 4451 1330 4507 metu
1351 4435 1489 4506 domini
1513 4440 1730 4522 deliberant,
1756 4441 2001 4531 paciscuntur,
2028 4435 2127 4530 quod

1135 4540 1246 4608 velint
1258 4564 1400 4609 rursum
1422 4541 1561 4629 ingredi
1576 4555 1610 4611 et
1624 4542 1731 4612 sirnul
1750 4544 1945 4612 interlicere
1961 4562 2124 4630 puerum.

1134 4638 1272 4710 lnterea
1288 4653 1403 4712 mater
1418 4640 1603 4712 abscondit
1622 4668 1774 4734 puerum
1800 4645 1837 4714 in
1861 4643 2058 4736 cypselem,
2087 4638 2126 4707 id

1135 4756 1205 4828 est,
1231 4745 1269 4810 in
1286 4744 1392 4812 talem
1410 4767 1614 4814 mensuram
1638 4748 1694 4816 vel
1720 4770 1852 4816 arcam.
1909 4742 1996 4810 lnde
2019 4751 2071 4809 est
2091 4739 2127 4809 ei

1134 4869 1267 4914 nomen
1297 4848 1428 4916 factum
1461 4846 1639 4938 Cypselae.
1706 4845 1768 4916 llle
1798 4857 1919 4937 postea
1948 4841 2048 4909 venit
2077 4845 2125 4913 ad

1134 4947 1374 5039 principatum
1387 4948 1425 5016 in
1440 4946 1627 5019 Corintho.
1677 4946 1765 5019 Eius
1778 4947 1871 5016 filius
1893 4943 1961 5013 fuit
1976 4943 2124 5016 Perian-

1166 5234 1216 5290 69)
1234 5233 1310 5283 lton.
1329 5232 1485 5294 11.11,aot.
1503 5223 1673 5298 ἀμπελόεντ’
1690 5222 1866 5295 Ἐπίδαυρον.

1165 5317 1214 5383 70)
1233 5317 1398 5375 corluttsus]
1416 5315 1632 5379 ricuu.1aeu.;
1656 5315 1794 5381 Theognls
1811 5316 1894 5365 babet
1910 5309 2058 5381 Κῆρινθος.

1165 5403 1216 5462 Ut)
1233 5401 1328 5461 Attto]
1346 5400 1388 5450 stc
1399 5400 1448 5449 Ed.
1465 5400 1556 5461 tutus
1583 5401 1739 5451 Herodotus
1750 5402 1788 5465 V,
1804 5400 1868 5465 n,
1884 5400 1930 5451 ubl
1945 5400 2016 5451 lrsro
2033 5398 2122 5451 blm·

1202 5468 1273 5521 rh·
1288 5468 1403 5533 meret,
1420 5480 1481 5519 eun
1497 5470 1620 5532 appellet
1633 5465 1757 5527 Pastor.

1462 5534 1546 5610 10*
