4754 6014
60 282 136 361 425
510 280 729 355 Lxxxuu.
789 276 1073 354 auaaaarro
1110 274 1393 349 oaonmeou
1428 223 1645 354 aaaron.
2019 295 2095 372 42⁶

165 455 225 525 Vs.
242 453 330 525 264.
355 457 571 547 Aateodem]
598 453 763 523 Alterum
780 466 921 543 tempus
937 464 988 521 cst
1014 450 1052 517 in
1107 449 1250 541 lllattis]
1275 448 1435 533 Blattae,
1458 464 1615 537 metten,
1643 454 1814 548 quiddam
1839 458 1953 532 simile
1976 463 2095 542 tineis.

65 571 241 628 autumno
261 556 504 629 occidentibus
513 556 717 626 Pleiadibus
735 556 886 625 cosmice
901 554 939 621 in
947 553 1055 622 Octo·
1107 550 1165 619 Sic
1181 550 1349 620 dicimus:
1376 549 1462 621 Illae
1477 550 1621 624 chartae
1638 572 1722 627 sunt
1737 561 1890 633 ablattis
1915 590 2095 643 corrosae.

62 660 130 730 bri.
231 663 361 755 Aquosi
387 663 513 753 Piscis]
537 660 574 726 id
601 671 671 742 est,
705 658 804 740 Ceti,
837 657 920 750 quia
947 656 1054 725 Cetus
1208 650 1270 722 Vs.
1289 650 1378 726 244.
1418 656 1584 728 Immanis
1602 657 1717 753 fiscus]
1749 660 1866 736 Fucus
1889 679 1941 737 est
1962 667 2097 745 nothus

68 763 183 831 oritur
198 774 234 830 et
250 761 378 830 occidit
396 785 475 831 cum
490 761 707 831 Pleiadibus.
756 759 828 831 atii
852 758 1056 848 intelligunt
1108 776 1301 845 exgenere
1325 779 1446 847 apum.
1499 762 1685 848 Immanis,
1718 764 1756 831 id
1780 777 1849 859 est,
1874 749 2007 860 gaudet
2028 773 2097 842 im-

66 862 238 933 deNotio
260 863 376 955 pisce,
410 865 492 958 quia
518 888 589 933 una
617 854 919 932 cumPleiadibus
941 861 1057 930 oritur
1107 856 1343 940 munitatem,
1368 860 1484 929 nullas
1498 862 1658 952 publicas
1676 889 1803 957 operas
1827 871 1998 957 sustinet,
2028 878 2096 944 im·

67 960 285 1057 acronycbe.
338 966 406 1035 Sed
423 969 535 1036 altera
561 966 735 1057 expositio
759 977 811 1034 est
836 963 950 1055 magis
975 986 1056 1055 per·
1107 960 1219 1028 mittit
1233 984 1270 1029 se
1289 961 1326 1026 in
1342 960 1402 1028 illa
1420 986 1505 1029 cava
1520 964 1618 1046 loca,
1645 980 1686 1035 ut
1699 971 1892 1058 praedetur
1910 976 2029 1047 mella.

65 1067 203 1157 spicue.
601 1086 607 1099 ·
1172 1070 1175 1075 “
1209 1061 1270 1132 Vs.
1287 1058 1374 1135 245.
1416 1066 1561 1157 Crabra]
1595 1066 1653 1135 die
1677 1094 1836 1163 wespen.
1894 1074 1949 1145 Ex
1972 1092 2095 1169 putre·

168 1164 230 1237 Vs.
253 1164 355 1267 235..
381 1168 575 1261 Hydarnes]
607 1180 648 1238 ut
671 1167 891 1257 intelligatur
916 1177 1057 1257 tempus
1107 1164 1201 1232 sacto
1217 1166 1309 1234 bove
1335 1178 1532 1237 nascuntur
1554 1191 1659 1260 apes,
1692 1172 1729 1241 id
1755 1187 1825 1258 est,
1855 1200 1939 1269 apes
1961 1180 2094 1271 signib-

66 1266 246 1338 Oetobris.
300 1269 657 1361 Duosunttempora
683 1270 916 1354 wenedonia,
943 1293 1055 1337 unum
1109 1279 1191 1334 cant
1212 1264 1429 1351 Ecclesiam,
1471 1292 1562 1361 quae
1594 1296 1636 1341 ex
1665 1272 1725 1342 illa
1757 1276 1922 1363 victima,
1961 1282 2096 1353 scilicet

66 1384 120 1441 cst
134 1382 216 1461 post
230 1384 348 1440 ortum
366 1374 558 1442 cosmicum
574 1371 783 1456 Pleiadum,
805 1373 957 1441 alterum
975 1382 1058 1463 post
1109 1364 1264 1453 Christo,
1285 1370 1454 1440 nascitur.
1505 1371 1560 1440 Ex
1574 1378 1773 1465 putrefacto
1792 1403 1885 1472 equo
1902 1399 2099 1456 nascuntur

68 1496 233 1543 occasum
249 1477 442 1544 cosmicum
464 1476 664 1545 Pleiadum.
1109 1472 1319 1555 crabrones,
1345 1471 1472 1556 idest,
1499 1498 1541 1543 ex
1557 1471 1711 1548 heroicis
1728 1478 1815 1550 viris
1839 1496 1873 1553 et
1896 1489 2095 1575 praestanti

171 1573 232 1647 Vs.
258 1578 345 1649 236.
388 1582 448 1648 Ira
468 1582 599 1649 modum
623 1600 728 1665 cupra
749 1577 815 1667 eat]
846 1574 1056 1645 Aristoteles
1108 1573 1295 1642 nobilitate
1325 1574 1442 1645 oritur
1472 1576 1627 1666 degener
1654 1581 1841 1668 nobilitas,
1888 1586 1944 1655 die
1973 1590 2097 1659 laulen

66 1676 154 1745 dicit
168 1678 259 1745 iram
275 1704 348 1749 esse
365 1682 479 1747 calcar
505 1679 746 1761 fortitudinis,
779 1689 814 1746 et
837 1691 932 1746 recte
959 1677 1055 1745 dicit.
1107 1671 1367 1747 Junckherreu.
1439 1675 1494 1745 Ex
1531 1680 1631 1749 asino
1671 1686 1870 1773 putrefacto
1900 1704 2097 1761 nascuntur

65 1778 151 1849 Non
167 1781 302 1849 debetis
316 1782 506 1870 imaginari
526 1805 650 1851 omues
667 1782 812 1849 allectus
828 1804 901 1850 esse
921 1778 1056 1869 simpli·
1108 1779 1285 1862 scarabei,
1324 1778 1362 1846 id
1392 1790 1462 1864 est,
1499 1804 1541 1849 ex
1569 1781 1755 1855 monacbis
1781 1796 1976 1861 nascuntur
2009 1794 2097 1863 mali

70 1880 157 1949 citer
170 1894 204 1949 et
220 1905 285 1971 per
303 1906 339 1950 se
356 1883 514 1954 vitiosos.
569 1883 675 1953 Multi
695 1894 777 1952 sunt
799 1883 886 1950 boni
910 1883 1056 1950 affectus
1108 1886 1285 1952 doctores.
1336 1880 1446 1950 Plura
1464 1882 1622 1955 dicemus
1638 1888 1682 1957 de
1697 1883 1765 1957 bae
1779 1913 1832 1962 re.

69 1982 108 2049 in
126 1996 254 2051 natura
273 1995 308 2051 et
324 1982 490 2083 oaopyat'.
542 1984 599 2054 Sic
620 1985 805 2053 iracundia
831 1980 975 2054 heroica
1005 1996 1057 2054 est
1209 1982 1270 2052 Vs.
1286 1979 1373 2071 246.
1404 1988 1547 2072 Tisaeae]
1573 1987 1726 2060 Metten.

68 2085 185 2155 bonus
204 2086 367 2170 affectus,
400 2088 515 2180 qualis
538 2087 708 2157 tribuitur
720 2082 863 2159 achilli.
914 2087 960 2155 Et
975 2087 1057 2156 Vir·
1209 2084 1270 2154 Vs.
1282 2080 1373 2156 248.
1401 2088 1473 2171 Quo
1495 2090 1621 2182 mapis]
1654 2092 1691 2160 id
1716 2096 1784 2177 est,
1815 2092 1943 2165 volunt
1963 2096 2096 2167 sarcire

70 2186 173 2278 gilius
193 2189 238 2256 de
262 2189 381 2257 Aenea
409 2189 545 2284 inquit:
576 2190 709 2281 Magna
733 2213 771 2260 se
793 2189 963 2260 exuscitat
987 2190 1056 2272 ira,
1108 2210 1171 2259 sua
1189 2186 1371 2277 diligentia
1390 2188 1450 2255 illa
1465 2189 1558 2257 sorta
1576 2205 1611 2260 et
1624 2195 1781 2287 rapinas.

70 2302 134 2359 etc.
187 2290 285 2359 Haec
300 2291 352 2359 ira
371 2316 446 2359 uon
463 2304 516 2362 est
531 2292 679 2376 vitiosa,
714 2293 798 2385 quia
823 2306 874 2361 est
899 2288 1056 2360 heroica.
1210 2288 1271 2359 Vs.
1285 2284 1372 2361 250.
1398 2292 1515 2383 Feras]
1542 2293 1578 2361 id
1597 2310 1667 2380 est,
1692 2297 1828 2368 sedilia.

69 2388 121 2460 lta
137 2392 282 2463 allectus
298 2393 336 2459 in
355 2417 484 2481 genere
500 2404 583 2461 sunt
605 2406 724 2462 motus
749 2393 854 2460 inditi
875 2393 1057 2461 divinitus.
1211 2389 1272 2460 Vs.
1290 2388 1377 2463 261.
1405 2394 1450 2462 Si
1462 2390 1554 2491 vero]
1570 2396 1623 2466 De
1639 2399 1775 2470 morbis
1793 2424 1916 2491 apum.
1975 2394 2099 2499 Gasas]

69 2494 140 2564 Sed
155 2508 285 2562 natura
303 2505 425 2562 nostra
442 2506 495 2562 est
509 2494 636 2563 vitiosa
654 2506 689 2562 et
705 2494 924 2563 inordinata.
973 2490 1058 2561 ldeo
1111 2493 1241 2571 idest,
1273 2494 1431 2563 morbos.
1499 2496 1598 2567 Sicut
1617 2496 1783 2571 homines
1805 2513 2013 2592 aegrotant,
2047 2504 2098 2571 ita

67 2592 179 2665 babet
201 2594 333 2664 multos
355 2595 503 2665 vitiosos
523 2596 687 2678 allectus,
727 2594 788 2688 qui
810 2608 893 2665 sunt
914 2594 991 2665 sine
1015 2594 1061 2662 ti·
1112 2618 1197 2685 apes
1217 2592 1412 2664 interdum.
1480 2596 1544 2666 Est
1566 2602 1673 2670 etiam
1698 2604 1888 2695 singularis
1912 2605 2097 2695 diligentia

67 2719 174 2767 more
191 2708 226 2763 et
239 2697 321 2766 fide.
364 2694 414 2765 lta
429 2696 563 2769 Paulus
571 2696 618 2793 1⁸)
636 2697 770 2790 inquit:
800 2696 1060 2788 Concupiscen-
1112 2695 1327 2766 conveniens
1346 2697 1453 2765 statui
1467 2700 1704 2789 reipublicae,
1730 2710 1828 2801 quod
1846 2732 1930 2801 apes
1952 2707 2100 2777 eiiciunt

68 2799 160 2868 tiam
175 2798 387 2868 nesciebam.
439 2798 554 2868 Vocat
568 2799 889 2893 concupiscentiam
904 2794 1062 2881 ἀταξίαν
1112 2802 1285 2872 cadavera
1305 2822 1347 2865 ex
1368 2799 1580 2872 alvearibus.

71 2901 234 2971 omnium
254 2900 443 2970 affectuum
462 2914 497 2969 et
512 2914 674 2972 motuum
691 2901 728 2970 in
744 2915 885 2973 natura.
923 2902 1059 2995 Quam·
1211 2899 1274 2971 Vs.
1288 2896 1376 2972 259.
1402 2904 1503 2971 Fame
1522 2901 1575 3002 et]
1602 2906 1726 2991 idest,
1752 2908 1922 2976 laborant
1936 2908 2098 2979 fastidiis.

73 3029 180 3101 quam
199 3003 308 3093 igitur
328 3016 381 3073 est
405 3004 486 3074 talis
508 3001 660 3091 ἀταξία,
692 3018 814 3075 tamen
842 3005 949 3072 etiam
977 3014 1061 3072 sunt
1213 3001 1274 3073 Vs.
1291 2999 1378 3074 258.
1406 3007 1478 3073 Aut
1498 3010 1606 3098 intas]
1633 3010 1757 3094 idest,
1784 3035 1859 3078 non
1874 3009 2029 3079 evolant.

71 3106 177 3179 multi
192 3106 277 3173 boni
296 3106 463 3191 allectus,
490 3119 530 3175 ut
545 3121 733 3198 parentum
760 3132 842 3199 erga
867 3130 951 3177 suos
973 3105 1060 3174 libe·
1212 3104 1274 3175 Vs.
1289 3104 1376 3176 266.
1403 3104 1560 3207 Aeaeae]
1587 3110 1624 3179 id
1648 3125 1718 3196 cst,
1745 3113 1850 3207 quale
1867 3126 1918 3182 est
1934 3132 2100 3181 murmur

72 3237 151 3290 r0s;
178 3209 262 3275 item
280 3207 466 3278 iracundia
491 3211 662 3281 adversus
683 3210 955 3303 turpitudinem.
1007 3205 1058 3276 lta
1111 3207 1241 3291 maris,
1267 3208 1323 3275 vel
1338 3208 1536 3299 sicutignis
1553 3212 1589 3279 in
1605 3214 1749 3283 fornace
1776 3215 1895 3283 reddit
1919 3215 2099 3307 quendam

72 3315 125 3383 illi
142 3310 377 3395 animalculo‚
406 3313 489 3406 quia
517 3312 622 3382 debet
647 3309 778 3383 babere
799 3309 1060 3393 fortitudinem,
1111 3310 1312 3401 strepitum.

74 3429 126 3488 est
143 3414 251 3487 etiam
271 3414 423 3483 inditum
441 3414 803 3487 calearfontmdinis.
1215 3412 1275 3483 Vs.
1302 3412 1391 3485 264.
1446 3417 1588 3507 Odores]
1629 3417 1668 3486 id
1704 3430 1775 3500 est,
1826 3416 2099 3489 medicamenta.

173 3515 233 3587 vs.
249 3516 337 3591 236.
367 3517 553 3609 Venenum]
577 3516 692 3588 Iratae
709 3544 792 3609 apes
809 3518 989 3588 interdum
1005 3514 1062 3583 in·
1113 3518 1319 3609 Galbanum]
1356 3516 1450 3585 Puto
1477 3543 1550 3589 esse
1574 3519 1663 3588 illud
1683 3533 1846 3590 nostrum
1872 3517 1972 3603 thus,
2015 3521 2099 3614 quia

74 3620 252 3690 teriiciunt
279 3616 454 3690 bomines.
522 3618 690 3711 Inprimis
719 3633 894 3713 appetunt
926 3620 1060 3687 olentes
1112 3619 1203 3686 illud
1215 3619 1410 3707 pretiosum
1429 3616 1530 3702 thus,
1557 3625 1653 3711 quod
1671 3623 1757 3689 olim
1774 3622 1859 3701 fuit,
1887 3632 1939 3688 est
1963 3622 2002 3688 in
2023 3645 2099 3687 ma·

73 3721 265 3792 immodice
281 3724 338 3791 vel
354 3723 458 3791 bonis
473 3721 530 3789 vel
548 3724 649 3792 malis
667 3724 850 3804 odoribus,
870 3722 953 3813 quia
971 3716 1062 3787 nibil
1113 3742 1184 3808 gno
1208 3718 1345 3807 pretio,
1379 3718 1437 3784 vel
1458 3721 1487 3786 si
1513 3744 1586 3786 non
1611 3735 1663 3790 cst
1685 3734 1849 3790 nostrum
1874 3716 1956 3791 tbus
1978 3722 2099 3811 galba-

70 3838 223 3916 possunt
238 3826 331 3891 serre
345 3823 642 3907 immoderatum,
674 3837 758 3893 sunt
780 3826 895 3891 factae
920 3824 966 3888 ad
987 3844 1062 3888 me-
1113 3844 1220 3898 num‚
1266 3829 1459 3886 esttamen
1483 3819 1601 3912 aliqua
1625 3823 1756 3913 species
1780 3822 1945 3912 ignobilis
1971 3818 2099 3894 thuris.

70 3927 299 3997 diocritatem
318 3937 352 3993 et
372 3923 597 3994 munditiem.
1112 3922 1289 4007 Semeleia]
1310 3918 1441 3989 scilicet
1459 3921 1606 3990 domino
1623 3919 1813 4007 hortante,
1841 3925 1961 4008 idest,
1993 3950 2099 3995 mun-

55 4050 60 4059 ·
176 4025 238 4096 Vs.
257 4027 343 4099 268.
383 4031 428 4097 Ia
456 4027 593 4094 vulnere
612 4020 760 4123 ponant]
793 4026 871 4093 Hoc
894 4037 948 4093 est
971 4020 1062 4091 anti-
1114 4024 1252 4093 ditieet
1273 4022 1412 4105 nitore,
1446 4037 1480 4092 et
1501 4048 1598 4094 novo
1621 4027 1754 4118 pabulo
1778 4028 1990 4097 reficiendae
2016 4040 2101 4099 sunt

71 4154 186 4225 quum
205 4127 339 4200 dictum
354 4128 574 4196 Romamrm.
626 4124 761 4197 Milites
775 4139 919 4221 oportet
933 4126 972 4195 in
987 4123 1061 4193 acie
1114 4152 1211 4218 apes.

71 4232 188 4315 mori,
215 4231 339 4315 idest,
365 4228 736 4321 interpraeliandum.
787 4231 835 4300 Et
849 4230 957 4298 illud:
992 4226 1062 4296 lm·
1212 4226 1274 4297 Vs.
1296 4227 1384 4299 267.
1437 4229 1571 4318 Gallae]
1612 4228 1650 4299 id
1685 4242 1755 4316 est,
1798 4230 1934 4327 aliquid
1968 4231 2100 4318 acerbi,

72 4348 278 4426 peratorem
303 4348 446 4426 oportet
467 4345 619 4403 stantem
652 4333 765 4416 mori,
805 4346 872 4403 etc.
936 4329 1061 4425 ltaque
1114 4331 1211 4425 quod
1241 4331 1336 4397 valet
1367 4341 1490 4397 contra
1517 4333 1826 4422 putrefactionem.
1882 4332 1947 4404 Est
1971 4348 2098 4404 notum

73 4460 142 4505 nos
169 4437 300 4528 singuli
330 4439 368 4505 in
398 4449 524 4506 nostro
554 4459 703 4504 munere
734 4436 904 4504 debemus
927 4433 1062 4502 imitari
1113 4433 1232 4513 vobis,
1258 4456 1329 4525 quo
1354 4444 1507 4500 utuntur
1524 4434 1561 4500 in
1578 4447 1792 4505 atramento.

74 4539 171 4607 illam
191 4564 300 4632 apum
316 4539 584 4619 tortitudinem,
610 4537 730 4608 subire
755 4551 880 4608 cuncta
901 4538 1059 4629 pericula
1196 4532 1276 4604 'Vs
1297 4531 1386 4607 269.
1418 4531 1584 4633 Defruta]
1612 4550 1773 4630 gesotten
1796 4560 1924 4631 weyn,
1960 4539 2098 4619 vinum,

72 4664 142 4733 pro
158 4644 363 4712 defensione
378 4639 561 4733 religionis
578 4653 611 4707 et
624 4640 773 4730 patriae.
1115 4639 1212 4733 quod
1235 4621 1430 4722 deferbuit,
1473 4639 1509 4706 id
1536 4650 1606 4722 est,
1640 4653 1779 4711 coctum
1804 4640 1950 4724 vinum,
1983 4641 2032 4709 ita
2058 4650 2100 4707 ut

176 4745 236 4815 Vs.
253 4746 340 4820 269.
367 4750 555 4840 Parnesque
576 4742 710 4835 statano]
738 4742 776 4812 si
798 4741 866 4810 erit
886 4742 976 4811 dura
996 4736 1077 4835 hy-·
1113 4752 1252 4810 tantum
1276 4740 1381 4809 tertia
1403 4766 1487 4833 pars
1509 4742 1746 4836 relinquatur.
1804 4740 1867 4810 llla
1890 4735 1989 4810 cocta
2013 4738 2097 4806 vina
2206 4734 2209 4741 '

72 4869 171 4928 ems,
197 4848 277 4936 plus
291 4851 470 4942 relinques
489 4849 538 4917 eis
554 4846 622 4915 cibi
640 4848 678 4915 in
693 4844 870 4914 alveariis.
1114 4845 1269 4912 retinent
1287 4843 1446 4912 nativam
1462 4844 1700 4915 dulcedinem.
1802 4845 1954 4936 Psithia]
1978 4843 2016 4911 id
2033 4852 2099 4924 est,

175 4947 236 5018 Vs.
247 4950 334 5022 241.
364 4955 507 5045 Thymo]
532 4950 665 5021 scilicet
680 4950 725 5017 ad
741 4950 894 5039 sugenda
911 4968 1061 5015 venena.
1112 4972 1200 5017 uvas
1216 4968 1357 5037 passas,
1384 4947 1515 5016 aloco.
1889 4970 1892 4976 ·

175 5050 237 5122 Vs.
252 5053 340 5126 243.
365 5056 501 5147 Stellio]
527 5055 596 5122 Ein
613 5048 743 5122 molcb.
797 5050 860 5120 Est
880 5049 1059 5117 maculosa
1213 5048 1372 5121 Vsss‘lO.
1401 5052 1510 5121 Grave
1524 5049 1665 5140 olentia]
1680 5046 1862 5118 Differunt
1877 5066 1985 5136 grave
1998 5043 2102 5115 olens

70 5152 216 5226 lacerta.
269 5154 356 5227 Inde
374 5159 616 5229 iurisconsulti
632 5169 763 5225 vocant
780 5156 915 5223 crimen
930 5151 1061 5222 stellio·
1113 5163 1148 5220 et
1162 5152 1349 5222 foetidum.
1376 5151 1494 5221 Grave
1512 5153 1611 5221 olens
1627 5164 1692 5235 est,
1708 5149 1806 5244 quod
1824 5146 2099 5217 offenditnimio

69 5268 204 5342 natus,
251 5260 332 5330 dem
371 5286 456 5329 man
489 5262 631 5353 keynen
666 5283 797 5327 namen
830 5260 903 5325 kan
937 5256 1061 5348 geben.
1113 5255 1224 5324 odore
1241 5267 1274 5325 et
1289 5258 1410 5324 denso.
1460 5252 1649 5322 Foetidum
1669 5265 1788 5322 autem
1812 5263 1864 5321 est
1884 5275 1947 5321 sua
1966 5261 2099 5319 natura

68 5412 279 5429 ---..
1024 5348 1030 5359 ’
1111 5356 1296 5428 inimicum
1323 5371 1358 5426 et
1376 5354 1524 5426 noxium
1551 5358 1698 5427 cerebri.
1804 5355 2007 5446 centaurea]
2034 5350 2099 5420 Est

110 5489 158 5555 aa)
175 5494 255 5549 nom.
271 5492 298 5561 ⁷,
316 5492 342 5546 ⁷.
1113 5460 1243 5552 duplex
1261 5471 1508 5529 centauream:
1534 5459 1671 5547 maius,
1696 5458 1795 5557 quod
1817 5483 1885 5532 nos
1908 5457 2016 5546 vulgo
2040 5476 2099 5521 ra-

2291 5296 2348 5391 A.
