4762 6008
174 288 246 363 tlt
753 278 877 352 PHIL.
913 278 1026 350 MEL.
1059 276 1260 352 scelera
1286 278 1622 352 PHILOLOGlCA.
2140 285 2215 362 412

277 450 435 525 Vs.45t.
453 446 673 546 Scillamque]
693 449 758 519 Die
776 475 923 541 grossen
934 452 1110 519 Zvribeln.
1221 468 1272 522 tes
1290 476 1452 541 rnagnae,
1469 466 1552 521 tune
1569 450 1819 544 quaesiverunt
1835 449 1922 521 alias
1935 450 2047 535 sedes,
2063 466 2100 523 et
2118 480 2213 526 nnnc

177 552 355 652 Bitumea]
383 557 505 646 Leynt.
553 553 616 622 Est
632 567 754 619 nadmn
774 554 956 633 bitumen,
976 578 1052 621 non
1068 552 1169 621 facti·
1190 539 1197 657 i
1221 557 1258 624 in
1278 552 1431 636 ltaliam,
1449 579 1545 623 nunc
1562 555 1598 621 in
1615 553 1768 623 Galliam
1788 553 1936 642 proiecti
1953 569 2047 624 sunt.
2086 555 2128 625 ln
2143 556 2212 628 lta·

176 665 292 741 cium,
325 658 423 751 quadi
454 657 565 731 nostri
590 668 751 723 utuntur.
819 653 906 723 lllud
935 656 1100 723 ficticium
1127 679 1168 722 ex
1192 664 1197 739 1
1220 660 1265 727 lia
1285 656 1532 725 Mediolanum
1550 656 1709 725 Senones
1734 655 1992 739 condiderunt,
2018 659 2080 750 qui
2100 654 2213 733 bodie

155 761 327 856 'pellibus
343 760 528 851 coquitur;
554 759 614 827 sed
630 767 734 846 poeta
754 756 915 849 loquitur
939 760 983 826 de
1007 768 1093 824 nato
1115 758 1168 822 bi·
1192 742 1197 779 ⁶
1219 774 1302 832 sunt
1323 760 1394 839 illi,
1429 761 1475 826 da
1500 758 1760 847 Bramlenlmrg
1781 757 1883 847 liegt,
1911 770 1977 827 etc.
2035 760 2214 833 Noricum

176 866 334 943 tumine,
363 862 459 954 quod
477 860 513 926 in
527 858 647 927 Sicilia
665 860 841 938 nascitur,
866 872 900 926 et
925 853 1032 927 habet
1054 881 1167 951 quan·
1219 862 1375 954 plurima
1392 886 1522 950 pascua
1541 856 1677 931 babuit.

178 968 260 1036 dam
275 976 442 1031 naturam
462 961 577 1030 calcis.
1320 961 1382 1032 Vs.
1407 959 1494 1033 475.
1547 955 1722 1055 Timavus]
1769 957 1917 1029 Fluvios
1952 973 2023 1041 est,
2064 965 2128 1055 qui
2159 966 2212 1035 in-

279 1066 340 1136 Vs.
364 1060 450 1135 454.
491 1057 636 1157 Ulceris]
671 1062 805 1142 idest,
845 1057 943 1131 bibit
966 1074 1019 1132 est
1040 1061 1168 1131 melius
1192 1102 1195 1129 t
1219 1066 1297 1134 lluit
1320 1065 1357 1133 in
1383 1062 1523 1156 lllyrico
1549 1064 1586 1130 iu
1611 1088 1710 1130 mme
1736 1086 1808 1129 non
1841 1066 1966 1150 procul
1992 1088 2010 1129 a
2037 1064 2208 1139 l'enetiis.

177 1195 284 1264 quam
304 1168 489 1236 excindere
511 1166 622 1234 ulcus.
729 1169 880 1256 Vivitpae
894 1157 1046 1258 tenendo]
1070 1164 1168 1233 Sicut
1191 1134 1195 1235 i
1217 1161 1374 1262 Iapydis]
1401 1165 1475 1234 lam
1492 1179 1641 1234 vocatur
1657 1164 1839 1232 Dalmatia
1856 1164 1894 1231 in
1910 1161 2042 1256 lllyria.
2089 1165 2208 1262 Illyria

178 1272 286 1353 scitis,
309 1269 425 1338 morbi
442 1279 604 1337 crescunt
622 1264 847 1335 dissimulati.

279 1372 340 1442 Vs.
358 1368 444 1441 456.
470 1363 641 1464 Abneyat]
676 1368 774 1436 Sicut
794 1368 944 1436 dicitur:
973 1367 1168 1436 Aversatur

178 1476 275 1546 Deus
291 1498 413 1564 preces
427 1485 462 1541 et
480 1485 561 1539 vota
581 1470 763 1540 inertium.

277 1571 441 1646 19458.
476 1578 558 1646 (itam
581 1567 707 1669 suerit]
740 1571 924 1652 Primum,
958 1567 1095 1662 inquit,
1128 1568 1168 1634 fit

175 1683 296 1762 ulcus,
322 1691 444 1768 postea
463 1677 614 1751 scabies;
643 1674 797 1744 scabiem
813 1696 899 1741 vero
915 1672 1023 1741 tetris
1045 1670 1163 1762 sequi·
1190 1644 1194 1757 1

176 1800 254 1865 tur,
280 1782 348 1863 ibi,
375 1779 510 1872 iuquit,
537 1802 665 1844 renam
687 1777 723 1842 in
741 1778 830 1866 pede
847 1772 992 1843 incidas.

278 1883 338 1954 Vs.
363 1881 449 1954 461.
488 1872 659 1974 Bisaltae]
702 1877 815 1945 Mosei
839 1889 874 1945 et
898 1874 1053 1957 Ruteni,
1091 1896 1167 1939 non

180 1989 284 2057 anxie
301 1988 484 2065 discerno,
511 1983 594 2076 quia
621 1982 703 2049 illae
723 1991 844 2070 gentes
867 1979 1010 2048 confuse
1028 1972 1165 2044 babita-

177 2104 280 2160 runt:
326 2090 405 2157 ideo
438 2086 545 2154 etiam
577 2084 745 2153 dicuntur
772 2083 969 2162 nomadae,
1003 2092 1038 2147 et
1057 2072 1164 2145 hodie

179 2191 381 2283 prorniscue
415 2184 597 2269 habitant,
639 2208 714 2252 non
742 2183 924 2271 assignant
953 2180 1022 2251 illis
1052 2191 1165 2248 certas

176 2295 296 2374 sedes,
330 2291 474 2359 suerunt
502 2286 705 2356 circumfusi
731 2284 796 2353 toti
821 2284 873 2351 illi
894 2279 1165 2376 septentrionali

180 2419 287 2475 orae,
318 2392 433 2472 Dani,
467 2392 598 2472 Getae,
633 2382 782 2468 Gotthi‚
820 2385 930 2468 Daci,
963 2387 1048 2453 item
1069 2383 1164 2453 Cim-

177 2498 255 2578 bri,
294 2519 384 2590 quos
411 2493 589 2563 Homerus
623 2488 837 2561 Cimmerios
864 2501 987 2570 vocat,
1027 2485 1078 2554 illi
1103 2510 1165 2554 va-

177 2598 250 2690 gati
267 2611 350 2667 sunt
367 2608 443 2664 toto
462 2594 726 2685 septentrione,
753 2591 824 2658 iam
850 2591 995 2661 luerunt
1017 2587 1165 2681 propio-

126 2688 131 2697 ’
181 2696 437 2781 resTbraciae,
454 2697 525 2765 iam
541 2706 772 2776 recesserunt,
791 2706 826 2761 et
840 2687 1164 2771 hodieWalachia,

180 2825 290 2898 quam
312 2824 408 2869 anno
432 2797 610 2891 superiori
634 2795 821 2887 occupavit
839 2795 983 2877 Tucca,
1009 2807 1061 2865 est
1082 2817 1164 2863 rere

176 2903 323 2985 Getica,
350 2916 384 2970 et
407 2925 527 2971 versus
544 2898 759 2971 Sarmatiam
784 2898 959 2989 plurimae
982 2909 1065 2967 sunt
1081 2894 1165 2964 soli-

175 3006 333 3077 tudines:
369 3004 522 3098 ideoque
550 3017 656 3095 poeta
684 3001 786 3068 dicit:
821 2997 862 3068 In
893 3002 1030 3069 deserta
1056 2997 1165 3069 Geta-

175 3134 269 3179 rum.
320 3105 506 3181 Interdum
533 3106 592 3174 vix
608 3103 790 3172 invenitur
812 3097 988 3170 habitatio
1014 3102 1051 3168 in
1077 3124 1164 3194 qua-

176 3210 341 3300 draginta
365 3209 576 3279 miliaribus.
642 3205 726 3273 ldeo
749 3204 861 3274 Getae
886 3204 923 3272 in
951 3203 1026 3274 istis
1050 3202 1165 3291 longis

176 3310 365 3382 itineribus
401 3323 549 3402 portant
574 3333 693 3379 secum
717 3306 894 3387 farinam,
937 3319 970 3374 et
1002 3305 1166 3373 incidunt

175 3396 305 3484 venam
323 3438 438 3506 equo,
472 3425 507 3481 et
532 3413 580 3495 ita
604 3412 740 3503 pultem
768 3421 985 3499 praeparant
1009 3421 1042 3476 et
1068 3431 1164 3475 com-

178 3517 308 3602 edunt,

277 3613 339 3686 Vs.
356 3614 443 3687 464.
469 3608 670 3710 succedere]
698 3613 734 3683 id
750 3626 822 3695 est,
850 3625 1004 3704 captare.

276 3718 337 3791 Es.
362 3715 449 3791 466.
491 3711 703 3812 carpentem]
745 3716 879 3798 idest,
922 3714 1161 3785 fastidientem

172 3824 283 3895 cibos.

275 3924 338 3995 Vs.
358 3921 448 3994 466.
485 3924 708 3994 Procumbere
740 3914 871 4017 eampo]
908 3921 942 3987 id
977 3932 1047 4001 est,
1088 3944 1163 3986 non

172 4040 288 4121 potest
306 4024 406 4120 sequi
423 4050 578 4116 gregem.
1120 4110 1126 4119 Ι

274 4127 335 4199 Vs.
353 4126 440 4199 468.
465 4130 636 4212 Gornpesce
678 4122 713 4190 id
733 4135 804 4204 est,
832 4146 952 4191 exseca
968 4122 1079 4193 ulcus.

179 4226 182 4231 ’
274 4228 336 4298 Vs.
352 4227 438 4299 470.
464 4230 543 4297 Non
565 4235 635 4294 tam
687 4220 760 4290 lam
785 4223 952 4292 describit
973 4224 1066 4292 luem
1090 4223 1163 4315 epi-

171 4332 351 4414 demiam,
378 4328 414 4396 id
432 4341 502 4410 est,
527 4350 602 4394 non
618 4336 796 4394 estunam
813 4350 923 4416 genus
941 4325 1070 4396 morbi.

276 4432 338 4505 Vs.
359 4430 446 4502 473.
479 4422 718 4526 certatumque]
754 4430 939 4522 Quaedam
975 4429 1049 4498 lues
1079 4442 1162 4500 sunt

173 4535 410 4615 universales,
436 4545 477 4603 ut
493 4532 704 4624 epidemiae.

274 4638 335 4711 Vs.
352 4634 438 4709 474.
464 4628 585 4735 Alpes]
609 4634 721 4703 Addit
745 4632 923 4724 exempla:
951 4634 988 4702 in
1011 4632 1160 4725 Alpibus

172 4728 370 4837 plurimum
399 4752 450 4810 est
472 4743 664 4832 pecudum.

171 4858 305 4917 tractus
330 4868 401 4913 ron
423 4842 656 4933 Regenshnrg
677 4837 731 4909 bis
754 4864 820 4931 gen
840 4838 1024 4931 Salzbnrg.
1079 4837 1159 4929 sty-

1219 1282 1271 1338 est
1293 1283 1392 1339 vetus
1416 1271 1517 1338 sedes
1544 1268 1785 1346 Henetormn,
1832 1266 1893 1357 qui
1926 1292 2007 1336 vere
2036 1284 2120 1339 sunt
2152 1275 2208 1341 die

1218 1371 1404 1451 Wenden,
1426 1371 1647 1441 et-Venetiae
1665 1391 1797 1435 rtonten
1813 1362 1945 1436 babent
1963 1373 2007 1438 ab
2025 1370 2182 1444 Henetis.

1321 1489 1381 1559 Vs.
1400 1487 1486 1562 482.
1512 1495 1583 1559 ll'ee
1605 1482 1678 1582 eta]
1715 1486 1829 1555 Credo
1855 1511 1936 1555 eum
1960 1484 2078 1559 adhuc
2110 1492 2209 1585 loqui

1190 1602 1194 1631 ¹
1218 1594 1262 1660 de
1279 1592 1338 1659 illa
1356 1594 1473 1661 Attica
1497 1590 1684 1681 epidemia.

1319 1695 1379 1764 Vs.
1398 1692 1485 1765 486.
1511 1697 1632 1764 Hostia
1647 1695 1692 1760 ad
1707 1686 1826 1788 aram]
1850 1690 1994 1761 Hostiae
2013 1707 2116 1761 erant
2140 1694 2212 1763 vit-

1190 1772 1333 1877 'tatae,
1368 1796 1450 1888 quia
1475 1795 1722 1884 significabant
1754 1794 1988 1862 ministerium
2019 1796 2139 1876 verbi,
2174 1811 2213 1867 et

1218 1898 1276 1965 itta
1303 1910 1386 1968 sunt
1409 1911 1551 1987 sumpta
1575 1923 1594 1964 a
1615 1897 1796 1986 patribus,
1828 1896 1964 1964 etiamsi
1986 1919 2112 1965 causae
2139 1893 2211 1967 bo·

1217 2001 1365 2070 stiarum
1382 2023 1455 2068 nou
1472 2011 1574 2067 erant
1590 1999 1658 2066 illis
1678 2010 1797 2067 notae.

1318 2101 1379 2172 Vs.
1396 2099 1482 2172 490.
1509 2103 1650 2173 Altaria
1663 2094 1779 2195 fibris]
1799 2098 1902 2192 quia,
1929 2102 1993 2167 der
2009 2100 2125 2190 putris
2140 2096 2208 2171 bu-

1217 2226 1298 2271 mor
1321 2204 1434 2275 steckt
1456 2199 1549 2271 noclr
1572 2203 1769 2285 darinnen,
1809 2205 1872 2272 das
1902 2198 1995 2272 siclrs
2019 2198 2118 2272 nicht
2141 2205 2207 2274 lest

1216 2309 1418 2376 anzunden.

1317 2409 1377 2479 Vs.
1388 2407 1475 2478 491.
1504 2411 1655 2478 Reddere
1669 2405 1776 2497 eane]
1793 2392 1891 2500 qdia,
1908 2410 2053 2500 quando
2070 2420 2204 2477 macta·

1217 2509 1351 2579 bantur
1379 2511 1564 2593 victimae,
1599 2524 1683 2579 tunc
1707 2509 1896 2599 diligenter
1920 2510 2205 2593 considerabant,

1216 2634 1262 2677 an
1287 2615 1450 2683 adessent
1473 2636 1598 2682 omnes
1623 2622 1761 2702 partes,
1801 2624 1837 2680 et
1859 2611 1889 2682 si
1916 2614 2084 2697 deerant,
2119 2626 2206 2687 tuuc

1217 2714 1419 2787 ominosum
1438 2739 1510 2785 esse
1527 2715 1755 2795 iudicabant,
1778 2726 1813 2782 et
1834 2714 1945 2782 multa
1964 2715 2048 2785 inde
2066 2715 2205 2786 divina-

1216 2817 1314 2886 bant.
1366 2816 1423 2885 Sic
1439 2816 1479 2887 C.
1497 2815 1644 2899 Caesar,
1672 2816 1815 2908 quando
1841 2815 2046 2886 interfectus
2071 2829 2142 2899 est,
2171 2828 2208 2885 et

1216 2919 1316 3013 prius
1330 2943 1429 2989 sacra
1445 2919 1577 2988 faceret
1601 2940 1806 2989 ascensurus
1827 2915 1864 2983 in
1890 2917 2046 3001 curiam,
2072 2918 2206 3009 pecudi

1217 3023 1341 3089 deerat
1356 3022 1464 3090 iecur.
1517 3019 1579 3089 Illa
1603 3033 1705 3089 erant
1727 3030 1953 3110 portentosa,
1980 3033 2016 3090 et
2036 3017 2206 3090 homines

1218 3123 1453 3214 superstitiosi
1473 3137 1667 3215 coeperunt
1682 3122 1873 3193 studiosius
1886 3122 2061 3205 scrutari,
2085 3136 2120 3193 et
2142 3147 2207 3191 ne-

1216 3227 1309 3309 scio,
1336 3250 1424 3320 quas
1448 3225 1688 3295 divinationes
1714 3237 1837 3314 postea
1863 3224 2093 3320 iecerint¹⁸),
2118 3225 2203 3319 quia

1215 3329 1370 3399 mundus
1384 3353 1523 3419 semper
1539 3325 1646 3397 habet
1662 3326 1920 3410 divinationes,
1942 3352 2034 3425 quae
2047 3352 2122 3398 non
2140 3323 2203 3397 ba-

1216 3433 1301 3497 bent
1318 3453 1420 3499 veras
1437 3444 1471 3498 et
1489 3431 1672 3502 naturales
1688 3453 1833 3512 causas,
1853 3431 1918 3499 sed
1934 3444 2017 3501 sunt
2029 3432 2203 3524 supersti-

1216 3533 1346 3609 tiosae;
1374 3557 1458 3599 nam
1475 3533 1645 3626 quicquid
1661 3554 1735 3601 non
1751 3527 1859 3601 habet
1879 3534 2091 3603 mandatum
2108 3534 2201 3601 diri-

1216 3660 1301 3704 num
1344 3648 1378 3704 et
1404 3654 1526 3705 causas
1559 3637 1595 3703 in
1628 3648 1778 3717 natura,
1816 3645 1868 3704 est
1900 3633 2201 3727 superstitiosum,

1216 3749 1255 3805 ut
1277 3740 1373 3829 quod
1401 3733 1564 3807 lumrines
1588 3761 1679 3830 aqua
1705 3750 1908 3806 consecrata
1934 3761 1970 3807 se
1994 3760 2200 3829 consperse-

1216 3852 1318 3922 runt,
1347 3839 1588 3910 existimantes
1615 3853 1868 3909 consecuturos
1890 3863 1927 3908 se
1952 3838 2199 3910 remissionem

1216 3955 1459 4030 peccatorum3
1488 3939 1556 4010 boc
1571 3942 1676 4033 plane
1693 3942 1761 4009 luit
1782 3941 2079 4032 superstitiosum.
2132 3945 2200 4016 Sed

1215 4044 1435 4115 medicorum
1457 4043 1717 4135 praedictiones
1740 4038 1874 4112 babent
1898 4069 2021 4115 causas
2036 4041 2198 4141 physicas

1215 4159 1250 4214 et
1268 4148 1466 4230 naturales,
1493 4162 1534 4217 ut
1558 4147 1654 4241 quod
1678 4146 1836 4214 medicus
1856 4170 1898 4215 ex
1922 4147 2101 4217 celeritate
2122 4151 2198 4241 pul·

1214 4274 1293 4332 sus,
1325 4251 1508 4319 decolore
1533 4251 1675 4318 interno
1691 4249 1844 4329 indicat,
1873 4273 1916 4317 ex
1941 4249 2129 4333 tarditate,
2155 4254 2196 4319 de

1213 4351 1346 4442 frigore
1367 4351 1523 4431 interno,
1586 4347 1674 4419 ltem
1705 4344 1760 4420 bis
1790 4349 1933 4434 diebus,
1964 4354 2108 4445 quando
2132 4354 2197 4423 tuit

1214 4450 1418 4521 coniunctio
1431 4455 1467 4529 Q)
1502 4464 1537 4520 et
1560 4454 1591 4539 Ι)
1616 4451 1654 4518 in
1677 4463 1721 4527 Q
1746 4452 1783 4521 in
1809 4453 1909 4544 signo
1927 4449 2096 4534 humido,
2123 4454 2198 4526 sue·

1213 4565 1298 4624 runt
1315 4556 1518 4648 trequentes
1536 4553 1699 4645 pluviae,
1726 4568 1761 4624 et
1777 4580 1905 4647 magna
1921 4555 2075 4625 turbatio
2092 4558 2198 4639 aeris,

1212 4655 1296 4751 quia
1313 4681 1454 4749 semper
1470 4658 1508 4725 in
1526 4656 1663 4753 quartis
1686 4671 1769 4729 sunt
1792 4659 1946 4749 insignes
1968 4657 2198 4730 mutationes.

785 4728 933 4833 Norica]
959 4736 1034 4806 Der
1055 4747 1159 4829 ganta
1211 4757 1298 4828 ltcm
1324 4761 1391 4830 luit
1420 4757 1526 4845 &bb
1550 4760 1587 4827 in
1618 4762 1742 4828 eodem
1770 4761 1884 4851 signo.
1942 4758 2027 4830 {tem
2050 4761 2077 4836 1)
2102 4776 2138 4831 ct
2165 4758 2200 4845 32,

1212 4862 1292 4931 ideo
1308 4864 1455 4934 luerunt
1470 4863 1591 4953 magni
1607 4863 1722 4932 flatus.
1759 4858 1820 4931 llla
1840 4888 1915 4932 non
1931 4875 2015 4935 sunt
2030 4865 2201 4957 supersti-

172 4946 232 5065 ria
236 4950 343 5017 etiam
354 4946 509 5039 pertinet
519 4946 567 5064 ad
573 4942 762 5061 Noricum,
780 4957 815 5011 et
833 4941 1100 5061 illaappellatio
1106 4951 1157 5057 est
1210 4966 1312 5037 5053·
1408 4973 1651 5055 Noenmm
1661 4959 1785 5061 popm]
1809 4965 1843 5034 fd
1861 4978 1930 5048 est,
1951 4968 2062 5036 fibrae
2078 4980 2200 5061 pulte.

170 5046 343 5130 Asraticm
370 5072 453 5118 uam
470 5044 568 5143 Styra
591 5071 633 5115 ex
646 5044 730 5114 Asta
747 5057 941 5127 venerant,
969 5058 1004 5116 et
1028 5069 1065 5112 tn
1088 5042 1157 5111 rlbs
1209 5069 1323 5139 sactae
1339 5094 1411 5138 „on
1429 5079 1578 5159 possum
1593 5067 1766 5156 dignosci,

170 5149 258 5217 locis
284 5151 532 5220 consederunt.
583 5148 730 5219 flaccus
751 5160 854 5216 vocat
876 5144 1001 5240 Styros
1023 5157 1156 5238 gentes,

1268 5222 1274 5235 .
1311 5172 1370 5244 Vs.
1391 5170 1476 5242 493.
1501 5164 1724 5267 Summaque]
1754 5172 1883 5253 idest,
1918 5175 2030 5245 culter
2054 5177 2199 5244 madelit

172 5273 266 5344 quae
280 5246 535 5320 habitaverunt
552 5275 627 5320 non
644 5251 749 5341 longe
766 5275 784 5318 a
802 5244 955 5332 Colchis,
983 5261 1016 5320 et
1032 5260 1153 5339 postea
1209 5298 1307 5365 pure·

171 5350 211 5421 in
232 5345 321 5420 haec
352 5352 429 5419 loca
455 5352 684 5422 transierunt.
752 5351 858 5423 Tales
881 5351 988 5420 etiarn
1011 5352 1157 5421 fuerunt

169 5465 309 5526 veteres
321 5452 516 5537 Germani,
541 5453 624 5548 qui,
655 5455 801 5546 quando
824 5456 969 5526 luerunt
989 5452 1156 5528 sterilita-

1243 5485 1286 5548 18)
1305 5484 1436 5544 tecertut]
1457 5484 1504 5532 lld.
1520 5485 1595 5539 lost.
1615 5486 1749 5537 lecerunt.
