4762 6008
167 333 243 410 555

308 496 604 591 Ascalaphus
630 497 674 564 in
700 496 926 566 bubonem
951 491 1013 585 ⁸¹).

269 631 460 727 Ascalaphi
476 633 566 704 sicut
587 643 623 699 et
644 631 744 699 corvi
769 628 929 720 exemplo
952 649 1155 703 monemur,

170 771 215 816 ne
249 741 336 837 quid
366 752 501 808 temere
523 735 742 816 indicemus,
783 756 855 827 quo
880 730 1070 801 subeamus
1095 740 1157 795 aut

170 846 293 919 odium
311 853 374 910 aut
397 861 564 932 poenam.
614 834 690 905 Nec
714 835 790 905 sine
813 856 924 927 causa
936 824 1157 921 Ascalaphus

168 942 497 1039 importunissimus
521 939 648 1018 iudex,
682 937 830 1029 lingitur
852 948 1011 1005 mutatus
1034 934 1073 1000 in
1091 933 1156 999 bu-

168 1053 321 1125 bonem:
348 1058 400 1116 est
424 1043 519 1114 enim
544 1040 642 1110 bubo
664 1039 771 1109 index
794 1039 948 1107 maxime
971 1035 1157 1105 abomina-

170 1167 246 1234 tus,
286 1150 348 1244 qui
381 1173 462 1218 eum
494 1143 661 1214 domibus
696 1142 845 1223 insidet,
883 1139 1003 1210 feralis
1029 1136 1157 1206 existit.

134 1322 146 1343 ,
170 1255 278 1325 Tales
291 1247 482 1341 Ascalaphi
498 1259 581 1317 sunt
597 1246 794 1327 delatores,
821 1243 884 1339 qui
900 1244 938 1311 in
955 1241 1045 1311 aulis
1059 1238 1157 1331 prin·
1181 1300 1185 1331 Ι

170 1360 290 1449 eipum
307 1354 462 1424 existunt
478 1349 613 1419 indices
630 1347 752 1418 multis
767 1346 938 1417 exitiales.

412 1523 596 1591 Sirenes
626 1520 670 1589 iu
699 1528 913 1585 monstra.

223 1660 300 1729 Vss.
317 1638 393 1730 552
407 1684 462 1749 sq.
495 1659 602 1741 codis,
628 1656 842 1736 Acheloides,
865 1656 954 1721 :sade
1182 1644 1187 1787 ’

228 1766 346 1832 Pluma
371 1763 532 1852 pedesque
555 1764 686 1841 evitem,
719 1781 795 1824 eam
829 1757 976 1845 uirginis
1004 1775 1066 1820 ora
1098 1773 1186 1838 pe·-

580 1854 694 1931 retia?

272 1984 415 2054 Sirenes
429 1988 576 2053 luerunt
589 1976 954 2071 reginaeinsularum,
970 1969 1160 2067 quaePae-
1183 1942 1187 1973 ¹

174 2100 277 2157 stano
294 2098 328 2156 et
342 2086 570 2157 salernitano
586 2080 681 2153 sinui
697 2080 881 2159 adiacent,
897 2085 1159 2164 tenueruntque
1183 2066 1187 2127 l

172 2192 249 2258 loca
268 2188 506 2279 Campaniae,
531 2188 569 2252 in
586 2184 715 2277 quibus
730 2178 920 2271 Neapolis,
946 2178 1158 2248 Surrentum

174 2316 254 2360 cum
271 2289 523 2381 promontorio
539 2286 741 2355 Minervae:
769 2284 865 2351 unde
880 2294 914 2349 et
928 2304 968 2351 ea
984 2280 1085 2359 loca,
1107 2276 1161 2346 Si·

173 2417 301 2463 renum
319 2390 456 2485 scopuli
472 2389 719 2459 nominantur.
770 2384 836 2454 His
852 2382 1083 2473 regnantibus
1103 2403 1160 2446 ex-

173 2496 279 2568 citata
296 2508 381 2567 sunt
395 2495 597 2562 litterarum
619 2487 737 2562 studia
760 2488 798 2555 in
821 2484 1074 2579 promontorio
1091 2479 1160 2547 Mi-

172 2622 327 2684 ncrvae,
344 2609 505 2668 extructo
523 2596 597 2663 illic
606 2590 816 2671 Athenaeo,
830 2584 901 2658 hoe
918 2601 989 2671 est,
1012 2606 1160 2678 gymna-

172 2703 248 2783 sio,
282 2726 300 2769 a
319 2727 392 2793 quo
407 2696 696 2791 promontorium
722 2694 831 2776 illud,
865 2690 1051 2759 Minervae
1074 2685 1160 2756 dici-

173 3010 241 3079 bus
253 3033 416 3101 praeesse
432 3008 493 3076 illa
506 3005 713 3098 putabatur.
765 2998 804 3069 ld
824 3023 909 3068 vero
934 3018 1159 3090 gymnasium

173 3112 242 3180 luit
269 3116 359 3180 adeo
391 3110 546 3187 celebre,
587 3120 627 3175 ut
651 3103 876 3199 eloquentiae
902 3114 937 3171 et
958 3101 1160 3167 litterarum

174 3212 312 3295 studia,
346 3234 438 3304 quae
460 3211 509 3277 ibi
530 3210 751 3287 floruerunt,
786 3203 950 3274 dederint
971 3202 1089 3270 locum
1109 3200 1161 3266 fa·

173 3312 281 3382 bulae
296 3314 340 3380 de
358 3310 533 3381 suavitate
547 3308 644 3377 vocis
664 3320 699 3375 et
723 3319 829 3376 cantu
845 3305 1031 3386 Sirenum,
1064 3302 1161 3395 quod

175 3414 283 3483 etiam
295 3413 476 3483 Homerus
491 3412 668 3491 declarat,
695 3436 774 3481 cum
799 3408 858 3476 illa
884 3408 959 3498 ipsa
978 3404 1161 3475 Sirenibus

175 3516 358 3600 attribuit,
386 3539 477 3611 quae
497 3527 580 3586 suut
594 3511 801 3595 Musarum,
828 3509 993 3579 videlieet
1013 3522 1048 3579 et
1068 3506 1162 3600 peri·
1215 3530 1219 3537 ·

175 3620 263 3689 tiam
286 3619 458 3702 canendi,
500 3615 571 3687 hoc
594 3627 665 3700 est,
698 3612 961 3710 eloquentiam,
995 3624 1031 3681 et
1051 3607 1163 3681 histo-

176 3723 334 3806 riarum,
354 3746 547 3816 rerumque
562 3719 780 3788 naturalium
797 3716 1052 3808 cognitionem.
1104 3712 1162 3782 Src

141 3861 149 3878 ·
177 3826 273 3894 enim
302 3828 345 3894 de
373 3851 410 3896 se
440 3825 640 3917 gloriantur
668 3824 764 3915 apud
788 3821 988 3889 Homerum
1009 3818 1164 3897 Sirenes,
1188 3846 1192 3871 ι

176 3928 393 3998 duodecimo
422 3928 604 4022 Odysseae
623 3923 691 4020 η),
732 3925 940 4016 profitentes
978 3919 1163 3991 scientiam

177 4030 361 4114 omnium,
404 4054 495 4126 quae
527 4031 565 4098 in
597 4040 690 4095 terra
717 4028 828 4109 liunt,
860 4035 1033 4115 geruntur
1056 4033 1092 4091 et
1114 4020 1166 4111 gi-

176 4145 354 4221 guuntur:

233 4250 289 4322 Οὐ
308 4245 383 4347 γάρ
401 4243 461 4319 νεώ
474 4274 529 4329 τις
543 4244 633 4341 τῇδε
647 4240 834 4340 παρήλασε
850 4242 915 4339 νηῒ
924 4236 1092 4337 μελαίνῃ,

228 4346 320 4445 πρίν
353 4349 386 4450 7³
412 4347 537 4442 ἡμέων
563 4344 770 4447 μελίγηρυν
790 4344 863 4419 eiad
887 4337 1087 4438 στομάτων
1109 4339 1164 4417 dn’

596 4448 774 4523 ἀκοῦσαι·

230 4551 307 4628 ἀλλ’
324 4551 389 4654 ὅγε
406 4546 638 4650 τερψάμενος
652 4556 788 4645 νεῖται,
802 4547 866 4624 καὶ
880 4545 1033 4623 πλείονα
1049 4546 1167 4631 εἰδώς.

174 4732 180 4751 ,
226 4654 339 4753 ἴδμεν
359 4650 505 4754 γάρτοι
520 4650 649 4742 πάνθ’,
677 4652 730 4728 ‹30’
748 4652 803 4730 ε’νὶ
820 4649 933 4748 Τροίῃ
945 4649 1067 4747 εὐρείῃ

225 4760 383 4860 Ἀργεῖαι
400 4758 524 4857 Τρῶές
535 4786 574 4831 τε
589 4760 693 4831 θεῶν
706 4754 824 4852 ἰότητι
838 4749 1032 4852 μόγησαν·

228 4860 339 4956 ἴδμεν
361 4858 411 4948 d',
453 4858 549 4937 ὅσσα
574 4857 728 4963 γένηται
757 4856 815 4934 ἐπὶ
842 4854 960 4951 χθονὶ
980 4855 1170 4951 πουλυβο-

594 4959 709 5059 τείρῃ.
1093 5054 1099 5065 Ι

176 5085 231 5155 Ac
252 5086 437 5173 finguntur
465 5086 607 5156 Sirenes
629 5085 722 5153 filiae
748 5082 926 5173 Calliopes
950 5092 986 5147 et
1006 5070 1169 5159 Acheloi,

178 5196 329 5279 propter
346 5190 565 5278 professores
577 5188 781 5257 litterarum
799 5181 986 5255 accersitos
1000 5204 1043 5250 ex
1058 5182 1168 5251 Aeto·

180 5356 388 5373 m

205 5454 262 5517 st)
279 5453 359 5505 oue.
376 5454 442 5503 raet.
460 5452 504 5517 v,
521 5450 575 5501 sss
590 5474 626 5487 -
642 5451 704 5501 sao.

209 5540 262 5602 aa)
281 5542 361 5595 uon.
382 5538 435 5592 oe.
453 5536 523 5605 xu,
542 5534 594 5587 sse
613 5560 644 5577 -
663 5535 725 5589 sss.

753 323 875 396 Plllb.
902 320 1015 392 MEL.
1042 312 1245 391 SCRIPTA
1272 309 1607 383 PHILOLOGlCA.

2127 306 2204 381 556

1207 486 1253 554 lia
1279 499 1314 553 et
1331 483 1553 563 Acarnania,
1589 504 1698 574 quam
1715 475 1913 559 Achelous,
1947 479 2203 551 celeberrimus

1207 587 1379 658 Graeciae
1394 585 1541 666 litavius,
1567 595 1728 674 separat:
1754 581 1902 673 perinde
1917 592 1959 650 ut
1978 580 2008 651 si
2030 583 2108 674 quis
2132 586 2204 652 fin-

1208 702 1268 780 gat
1290 688 1412 757 Musas
1430 686 1736 776 [legiomontanas
1758 709 1832 755 esse
1854 683 1947 753 lilias
1961 680 2137 774 Calliopes
2163 701 2205 755 et

1207 791 1327 872 Albis,
1354 801 1503 880 propter
1521 790 1670 857 lectores
1685 782 1753 855 huc
1777 797 1922 856 vocatos
1946 808 1991 853 ex
2005 786 2206 857 Academia

1209 891 1455 979 Vitebergensi
1469 892 1514 959 ad
1531 890 1651 959 Albim
1669 889 1749 959 sita.
1801 891 1850 959 At
1865 899 2057 981 postquam
2083 888 2205 959 bonae

1210 1010 1305 1065 artes
1323 994 1392 1061 illic
1409 993 1582 1061 excitatae
1598 1005 1700 1071 sunt,
1726 1003 1761 1059 et
1775 1015 1915 1060 summa
1939 1014 2020 1059 eum
2044 992 2204 1061 admira-

1210 1098 1308 1167 tione
1324 1092 1512 1165 hominum
1529 1095 1780 1174 effloruerunt,
1808 1091 1996 1184 posteritas
2013 1092 2073 1185 (ut
2086 1095 2143 1187 fit)
2160 1094 2206 1163 il·

1210 1201 1253 1271 lis
1267 1200 1377 1270 abusa
1395 1209 1448 1267 est
1463 1200 1509 1265 ad
1533 1197 1724 1277 iniuriam,
1751 1193 2026 1277 contumeliam,
2061 1208 2098 1265 et
2121 1220 2206 1288 per-

1210 1302 1340 1371 uiciens
1357 1299 1586 1390 reipublicae.
1635 1300 1693 1368 Ad
1703 1295 1790 1366 haee
1806 1297 2066 1381 adolescentes,
2095 1322 2204 1371 causa

1209 1405 1411 1474 studiorum
1428 1425 1471 1470 eo
1485 1402 1606 1483 missi,
1639 1403 1800 1469 iecerunt
1822 1400 1995 1469 iacturam
2023 1402 2203 1490 patrimo-

1210 1506 1283 1588 nii,
1323 1505 1449 1576 scortis
1479 1504 1629 1573 addicti:
1670 1504 1765 1573 unde
1796 1504 1894 1593 apud
1924 1514 2065 1573 exteros
2092 1500 2203 1574 Athe·

1209 1633 1342 1678 naeum
1371 1606 1456 1675 illud
1491 1608 1609 1698 coepit
1637 1606 1729 1673 male
1757 1605 1902 1687 audire,
1946 1606 2201 1702 emanavitque

1211 1711 1333 1780 sabula
1350 1712 1393 1776 de
1409 1707 1593 1778 sirenibus
1609 1709 1646 1776 in
1664 1720 1823 1776 snorrstra
1841 1707 2007 1789 mutatis,
2034 1732 2053 1775 a
2070 1710 2202 1803 quibus

1213 1814 1437 1892 accedentes,
1465 1811 1504 1878 iu
1521 1810 1707 1900 naufragia
1724 1808 1792 1901 ³⁸),
1819 1806 1887 1879 hoe
1904 1821 1976 1888 est,
2007 1823 2197 1901 egestatem

1211 1916 1268 1984 vel
1291 1913 1486 2005 perniciem
1506 1910 1790 1989 attraherentur.
1850 1911 1954 1980 Hauc
1978 1912 2024 1979 ob
2054 1936 2201 1985 causam

1212 2042 1308 2108 ipsae
1324 2016 1465 2085 Sirenes
1486 2040 1582 2085 natue
1606 2016 1830 2106 accipiuntur
1853 2038 1920 2105 pro
1942 2013 2118 2086 illecebris
2139 2041 2200 2087 vo·

1183 2130 1188 2203 1
1211 2119 1410 2211 luptatum,
1437 2142 1529 2211 quae
1545 2130 1648 2188 antea
1664 2143 1731 2210 pro
1749 2115 1863 2187 Musis
1880 2112 2126 2189 habebantur:
2144 2143 2200 2189 ea-

1211 2245 1364 2314 rumque
1379 2220 1515 2290 musica
1530 2221 1704 2313 accipitur
1729 2220 2026 2316 praeloquentia
2052 2245 2129 2292 non
2156 2224 2201 2291 ad

1210 2323 1502 2415 permulcendos,
1528 2326 1606 2411 {sed
1637 2324 1838 2416 perdendos
1865 2317 2030 2393 homines
2057 2347 2201 2416 compa-

1210 2439 1308 2496 rata:
1344 2425 1486 2518 qualem
1509 2422 1694 2497 Aeschinis
1725 2426 1966 2519 eloquentiam
1991 2422 2202 2497 Demosthe-

1211 2554 1275 2599 nes
1291 2552 1365 2598 esse
1383 2528 1484 2596 dixit.

1313 2630 1430 2698 Porro
1447 2629 1537 2699 sieut
1550 2629 1687 2723 Ulyssis
1700 2629 1789 2699 socii
1803 2630 1948 2700 Sirenas
1963 2631 2203 2721 praetervecti

1093 2790 1101 2805 .
1212 2745 1295 2803 sunt
1310 2731 1499 2802 obstructis
1515 2733 1682 2809 auribus.
1698 2755 1744 2801 ue
1758 2732 1897 2802 blandis
1913 2743 1948 2800 ct
1964 2733 2101 2804 dolosis
2120 2756 2203 2801 can-

174 2816 244 2881 tur·
293 2802 494 2872 Efflt‘ffiim
509 2794 1048 2869 A²h⁹¹¹¹¹⁰¹¹m¹⁰⁰¹¹⁸lffi⁰⁰rvae
1066 2792 1161 2907 ‘hei'
1212 2836 1306 2905 tibus
1335 2834 1555 2905 illicerentur
1584 2835 1623 2903 in
1647 2834 1888 2925 naufragium:
1931 2833 1978 2900 ita
2004 2857 2071 2902 nos
2096 2836 2202 2902 dccet

173 2920 249 2988 tue,
280 2907 341 2977 ubi
356 2904 497 2998 publice
513 2903 734 2975 docebantur
749 2912 842 2967 artes
864 2895 1048 2975 liberales,
1082 2916 1161 3009 qut-

1213 2937 1371 3007 aversari
1386 2950 1422 3006 et
1444 2938 1567 3027 sugere
1590 2939 1811 3029 voluptates,
1843 2960 1910 3005 nec
1934 2936 2104 3026 praebere
2126 2934 2201 3004 illis

1212 3065 1335 3123 aures,
1360 3039 1423 3133 qui
1439 3040 1627 3110 dulcedine
1643 3040 1819 3112 orationis
1839 3038 2116 3130 corruptelaque
2141 3040 2204 3106 de-

1212 3155 1366 3235 pravant
1379 3142 1579 3212 doctrinam
1598 3143 1792 3233 religionis.

1371 3312 1431 3380 De
1459 3310 1632 3405 Alpheo
1658 3327 1700 3382 et
1723 3308 1956 3383 Arethusa
1981 3310 2049 3405 ⁸⁸).

1315 3446 1451 3536 Opinio
1478 3461 1531 3517 est
1551 3434 1921 3540 Alpheumfluvium,
1953 3445 2077 3541 quiin
2100 3444 2204 3514 Pelo-

1214 3549 1432 3642 ponnesiaco
1461 3549 1582 3619 littore
1615 3552 1845 3634 absorbetur,
1878 3550 1944 3620 sub
1975 3548 2067 3617 mari
2097 3572 2203 3638 pene·

1132 3712 1141 3729 .
1214 3665 1310 3721 trare
1340 3651 1378 3718 iu
1397 3650 1577 3735 Siciliam,
1612 3666 1647 3720 et
1677 3668 1759 3722 ante
1791 3679 1831 3724 os
1862 3648 2061 3723 Arethusae
2093 3650 2202 3720 sontis

1215 3777 1395 3845 emergere
1411 3756 1508 3823 iuxta
1525 3756 1734 3846 Syracusas:
1755 3756 1855 3827 cuius
1869 3756 1921 3825 rei
1934 3755 2009 3826 sive
2024 3754 2202 3823 coniectu·

1216 3882 1308 3940 ram,
1335 3856 1408 3925 sive
1424 3858 1624 3941 veritatem,
1650 3872 1777 3949 poetae
1793 3871 1834 3928 ut
1848 3857 2084 3939 celebrarent,
2103 3857 2204 3925 falm-

1215 3959 1279 4028 lati
1304 3970 1388 4028 sunt
1408 3956 1588 4051 Alpheum
1615 3985 1738 4031 amore
1769 3960 1879 4051 ipsius
1899 3954 2100 4030 Arethusae
2129 3972 2204 4026 tam

1216 4063 1326 4153 longo
1343 4074 1463 4132 tractu
1480 4064 1545 4133 sub
1570 4063 1663 4132 mari
1686 4088 1827 4134 cursum
1851 4085 1966 4154 agere.
2019 4060 2085 4133 Est
2108 4062 2204 4130 enim

1218 4160 1396 4235 Arethusa
1413 4167 1495 4235 sous
1511 4166 1621 4235 totius
1634 4166 1775 4236 Siciliae
1798 4164 2049 4235 celeberrimus
2072 4176 2108 4232 et
2132 4188 2204 4232 am·

1218 4268 1417 4361 plissimus,
1451 4270 1496 4335 ad
1518 4268 1617 4337 cuius
1640 4292 1679 4337 os
1700 4269 1775 4358 ipse
1794 4263 1954 4359 Alpheus
1976 4266 2081 4361 quasi
2105 4267 2204 4336 volu·

1218 4383 1316 4464 ptate
1331 4368 1484 4459 gestiens
1499 4382 1534 4438 et
1549 4369 1711 4440 exultans
1733 4396 1752 4439 e
1776 4370 1941 4443 fluetibus
1960 4369 2071 4439 maris
2093 4392 2205 4438 emer·

1220 4473 1272 4563 git
1296 4484 1397 4540 tanto
1428 4471 1585 4563 impetu,
1627 4472 1685 4540 vix
1715 4487 1755 4544 ut
1787 4474 1923 4566 cymbis
1955 4472 2045 4540 adiri
2083 4471 2207 4563 possit.

1220 4573 1292 4668 Qui
1307 4596 1393 4643 vero
1410 4574 1605 4667 opinantur
1621 4575 1721 4645 illum
1738 4602 1780 4646 ex
1797 4576 1923 4645 Helide
1947 4599 1988 4645 eo
2011 4598 2128 4669 usque
2150 4598 2207 4665 pe·

1221 4688 1385 4757 netrarc,
1411 4672 1478 4746 hac
1494 4677 1697 4748 coniectura
1716 4680 1812 4748 ducti
1830 4690 1931 4759 sunt,
1959 4701 2089 4767 nempe
2110 4677 2208 4769 quod

1221 4793 1313 4850 stato
1340 4793 1519 4873 tempore,
1554 4806 1633 4850 cum
1652 4780 1821 4874 Olympia
1847 4781 2144 4863 celebrabantur,
2177 4791 2208 4847 et

1221 4883 1449 4953 victimarum
1464 4886 1587 4954 sordes
1602 4885 1640 4953 in
1653 4907 1796 4953 amnem
1821 4883 2126 4975 proiiciebantur,
2151 4881 2208 4955 Al·

1221 4982 1334 5077 pheus
1356 4986 1393 5054 iu
1416 4987 1538 5056 littore
1554 4986 1674 5056 Siculo
1696 4987 1833 5056 solebat
1855 4986 1931 5056 fieri
1955 4986 2143 5069 turbidus,
2177 4997 2209 5053 et

1220 5085 1418 5160 Arethusae
1433 5090 1514 5161 lons
1531 5090 1692 5159 redolere
1707 5090 1852 5169 fimum:
1878 5091 1939 5161 sed
1955 5088 2086 5159 Strabo
2104 5100 2208 5181 negat

1220 5188 1400 5263 haeresse
1419 5216 1523 5276 vera,
1551 5192 1714 5289 quamvis
1729 5192 1881 5263 Timaeo
1904 5186 2148 5285 philosopho,
2177 5202 2208 5259 et

1253 5444 1304 5505 8³)
1321 5444 1483 5508 mutrsgta]
1503 5445 1545 5496 sto
1563 5446 1647 5497 ruet.
1668 5447 1760 5512 tem
1779 5448 1827 5499 ud.
1848 5446 1924 5500 tots.
1943 5446 2032 5498 nats:
2053 5446 2209 5511 ιειεηρε.

1251 5528 1301 5589 34)
1320 5528 1401 5588 oste.
1416 5532 1483 5585 ttst.
1501 5530 1544 5595 V,
1561 5530 1615 5583 tn
1631 5543 1693 5597 sqq.
