4762 6008
178 364 252 438 401
640 354 857 463 LXXXVIII.
907 356 1190 431 ENARRATIO
1223 353 1505 430 GEORGICON
1536 354 1744 427 VIRGILII.
2128 355 2204 433 409.

280 527 341 600 νε.
360 528 421 601 84.
448 535 552 603 Stare
567 534 635 601 loco
649 535 770 624 nescit]
795 529 946 622 Egregia
970 530 1162 621 descriptio
1215 533 1253 598 in
1270 527 1429 620 proelio,
1454 530 1569 597 victor
1584 529 1699 597 voluit
1717 527 1952 595 conscendere
1972 550 2124 617 equum,
2150 527 2200 596 ibi

176 632 363 703 bellatoris
378 633 474 727 equi.
1215 656 1327 725 equus
1344 655 1423 699 eura
1446 629 1597 722 arripuit
1615 642 1649 697 et
1665 628 1883 698 dilaceravit.
1980 631 2086 721 Hinc]
2110 630 2202 698 scili·

280 733 341 804 Vs.
357 734 418 804 87.
444 741 492 806 alt
506 736 633 823 duplex
649 735 780 826 opiter]
808 734 885 805 Hoc
908 746 959 804 est
981 734 1161 824 peculiare
1215 748 1268 803 eet
1287 732 1441 800 notabis.

177 835 349 929 quiddam
364 836 402 904 in
420 836 531 930 equis.
581 834 621 904 ln
638 838 722 906 solis
739 838 839 930 equis
864 851 916 906 est
937 837 1162 904 animadver·
1315 832 1375 903 Vs.
1394 833 1478 904 108.
1510 836 1632 902 Nonne
1652 836 1759 918 eides]
1790 830 1824 899 id
1848 842 1918 913 est,
1954 854 2075 900 nonne
2103 832 2201 903 vides

176 961 256 1009 sum
273 937 451 1029 duplicem
474 962 548 1008 esse
570 939 733 1028 spinam,
767 938 856 1008 sicut
879 939 931 1007 illi
953 934 1043 1007 mihi
1065 938 1161 1005 dixe·
1215 938 1303 1007 alios
1320 959 1430 1028 equos
1446 933 1524 1002 aliis
1541 957 1614 1001 esse
1629 934 1886 1023 generosiores.

176 1052 282 1123 runt,
310 1040 373 1133 qui
391 1042 683 1111 observaverunt.
736 1040 902 1110 Meminit
925 1041 1032 1110 etiam
1055 1036 1162 1109 huius
1315 1038 1376 1108 Vs.
1399 1035 1482 1107 104.
1511 1038 1669 1126 Currere]
1696 1036 1820 1118 idest,
1846 1047 1953 1103 meta.

176 1141 230 1209 rei
241 1140 489 1235 Oppianus⁸)‚
516 1166 595 1210 cum
613 1142 747 1234 inquit:
781 1140 844 1214 καὶ
867 1136 970 1237 ῥάχις
993 1137 1167 1237 o’qtcgpidv-¹
1315 1140 1377 1210 νε.
1398 1138 1482 1209 100.
1506 1139 1659 1228 Instant]
1684 1139 1721 1205 id
1741 1150 1809 1219 est,
1836 1136 1971 1225 agitant
1985 1159 2108 1228 equos.

174 1267 245 1334 μσς
259 1240 374 1336 μέσον
388 1239 511 1336 ἰσχίον
525 1237 820 1335 asstruebant,
847 1246 883 1314 id
899 1259 964 1327 est,
989 1258 1041 1315 est
1058 1244 1160 1334 spina
1315 1243 1375 1312 νε.
1394 1241 1477 1311 111.
1511 1234 1667 1335 spumis]
1693 1241 1728 1308 id
1754 1251 1825 1322 εει,
1859 1239 1917 1306 111ε
1945 1262 2067 1309 cursus
2092 1240 2200 1308 sudo-

176 1347 308 1435 duplex
332 1347 372 1413 in
404 1346 524 1414 medio
556 1369 663 1415 coxas
686 1349 893 1436 grandiores
915 1347 1061 1416 faciens.
1120 1342 1161 1413 ln
1213 1369 1289 1412 rem
1310 1346 1389 1414 ciet.

175 1440 468 1537 horninecorpns
489 1460 542 1516 εει
566 1447 676 1516 veluti
700 1462 847 1520 truncus
871 1446 1070 1518 adhaerens
1091 1447 1161 1537 spi·
1314 1447 1374 1516 Vs.
1399 1445 1483 1514 118.
1526 1446 1666 1513 Primus
1689 1442 1943 1533 Erichthonius]
1976 1441 2031 1510 De
2061 1442 2198 1535 equita-

175 1572 243 1617 nae
265 1549 382 1631 dorsi,
408 1561 443 1616 et
466 1549 503 1616 in
525 1550 627 1638 spina
653 1550 750 1623 dorsi
776 1565 827 1622 est
853 1553 1007 1620 medulla
1035 1550 1160 1619 similis
1213 1547 1310 1618 tione
1337 1562 1371 1617 et
1387 1545 1624 1636 aurigatione.
1679 1543 1787 1635 Quod
1807 1544 1893 1612 dicit
1906 1539 2197 1628 Erichthonium,

175 1665 325 1718 naturae
341 1651 488 1732 cerebri,
504 1674 523 1717 a
541 1675 610 1743 qua
627 1654 780 1722 medulla
796 1665 1043 1744 propagantur
1059 1651 1161 1720 nervi
1213 1653 1337 1720 ducem
1360 1645 1635 1728 Atheniensem,
1670 1657 1832 1714 autorem
1855 1669 1929 1715 esse
1953 1646 2198 1736 aurigationis,

173 1763 351 1819 motuum.
402 1751 495 1820 Huic
517 1753 640 1842 spinae
662 1776 838 1824 annexum
869 1769 921 1824 est
945 1780 985 1825 os
1007 1777 1160 1836 sacrum,
1212 1753 1412 1824 fabulosum
1429 1774 1503 1822 esse
1519 1748 1651 1830 iudico,
1678 1747 1762 1841 quia
1778 1772 1860 1818 usus
1876 1772 2050 1840 equorum
2067 1761 2102 1817 et
2119 1772 2199 1817 cur·

174 1854 274 1922 cuius
290 1852 476 1922 iuncturae
492 1867 620 1943 sponte
643 1859 875 1947 aperiuntur,
910 1858 1055 1953 quando
1083 1882 1160 1924 mu·
1212 1879 1317 1924 ruum
1348 1855 1416 1924 init
1448 1851 1643 1946 antiquior.
1710 1849 1875 1920 Fortasse
1905 1852 1987 1918 ideo
2019 1852 2199 1919 finxerunt

172 1954 279 2024 lieres
296 1956 520 2045 parturiunt,
546 1968 581 2024 et
599 1970 683 2027 sunt
698 1960 847 2028 maximi
863 1960 1006 2030 dolores
1021 1959 1159 2049 apertio
1213 1981 1293 2026 eum
1321 1981 1394 2027 esse
1418 1968 1601 2034 autorem,
1641 1951 1725 2044 quia
1757 1954 1911 2021 multum
1932 1952 2125 2021 delectatus
2151 1953 2198 2023 sit

173 2069 209 2127 ει
223 2055 375 2125 reclusio
392 2055 492 2128 istius
510 2058 597 2128 ossis
614 2061 717 2132 sacri.
831 2058 1013 2160 canaque]
1042 2062 1079 2130 id
1095 2073 1160 2145 est,
1212 2059 1464 2133 certaminibus
1490 2053 1701 2126 currulibus.

172 2159 256 2228 serit
270 2152 516 2229 vehementius
536 2172 682 2232 terram.
1312 2160 1373 2230 Vs.
1400 2156 1482 2230 115.
1528 2158 1752 2247 Pelethronii]
1793 2155 1830 2224 id
1865 2169 1936 2239 εει,
1986 2152 2196 2228 Thessalici.

274 2257 335 2330 Vs.
361 2259 421 2330 89.
464 2263 627 2353 Pollucis]
658 2263 756 2333 Sicut
776 2265 891 2333 nostri
911 2260 1075 2334 homines
1102 2288 1160 2333 co·
1183 2276 1187 2423 g
1211 2263 1395 2352 Lapithae]
1422 2259 1667 2354 Equitationis
1683 2275 1837 2328 autores.
1879 2258 2042 2329 Fuerunt
2056 2260 2196 2329 vicinae

171 2361 318 2433 luerunt
340 2374 501 2430 sanctum
524 2362 720 2450 Georgium
742 2365 919 2457 equitem,
954 2366 1003 2433 sic
1028 2363 1158 2433 ethnici
1183 2428 1187 2457 ¹
1212 2378 1331 2452 gentes
1353 2359 1529 2452 Lapithae
1557 2375 1591 2429 et
1615 2360 1806 2441 Centauri,
1843 2372 1878 2427 ει
1900 2375 2026 2430 mutuo
2049 2386 2086 2431 se
2111 2386 2197 2432 con-

173 2464 361 2543 coluerunt
385 2462 569 2530 Castorem
601 2476 635 2529 et
653 2464 856 2539 Pollucem;
895 2490 980 2532 nam
1008 2466 1065 2534 isti
1087 2467 1159 2534 duo
1211 2476 1441 2553 stasnpsernnt
1456 2463 1605 2533 assiduis
1619 2461 1731 2532 bellis.
1783 2463 1944 2531 Fuerunt
1960 2476 2080 2532 autem
2105 2465 2198 2532 circa

170 2561 422 2635 sueruntboni
446 2562 593 2655 equites.
696 2567 887 2658 Amyclaei]
918 2565 1047 2651 idest,
1080 2566 1160 2636 talis
1212 2577 1374 2655 tempora
1398 2564 1580 2645 Herculis,
1621 2562 1684 2656 qui
1712 2565 1801 2632 vixit
1830 2577 1991 2656 ternpore
2011 2565 2199 2649 Samuelis,

173 2686 282 2756 eques
295 2663 363 2732 luit
379 2662 572 2746 Saturnus,
599 2688 679 2734 cum
697 2667 870 2737 induisset
885 2669 1038 2738 formam
1065 2668 1160 2762 equi,
1210 2680 1334 2759 postea
1358 2668 1490 2736 bellurn
1514 2665 1713 2733 Troianum
1738 2667 1805 2734 luit
1829 2667 1921 2735 circa
1945 2680 2108 2759 tempora
2125 2667 2199 2736 Da-

173 2761 415 2856 deprehensus
439 2790 459 2833 a
484 2769 633 2856 coniuge
656 2768 694 2837 in
718 2769 915 2853 adulterio,
955 2772 1050 2840 unde
1082 2769 1159 2838 nati
1212 2770 1314 2839 vidis.
1365 2766 1419 2838 Ex
1436 2764 1491 2838 his
1507 2779 1658 2858 apparet
1671 2790 1775 2835 usum
1792 2791 1967 2858 equorum
1985 2795 2059 2841 esse
2083 2772 2198 2841 multo

172 2878 256 2938 sunt
273 2865 447 2936 Centauri
469 2892 532 2938 scu
548 2863 781 2962 Philyrides.'
825 2871 962 2942 Fabula
986 2872 1085 2941 varie
1107 2885 1161 2942 εει
1211 2871 1463 2954 vetustiorem,
1488 2894 1595 2962 qnam
1612 2881 1716 2960 poeta
1732 2869 1845 2959 fingit.

172 2982 333 3039 consuta.
392 2965 539 3064 Philyra
567 2970 662 3040 idem
684 2987 754 3057 est,
778 2977 876 3068 quod
899 2974 995 3057 tilia,
1028 2987 1065 3044 et
1086 2976 1159 3042 lor·
1311 2972 1372 3042 Vs.
1391 2974 1476 3044 118.
1515 2979 1658 3064 Uterque
1679 2973 1791 3058 lohes]
1824 2969 1975 3054 scilicet,
2008 2973 2199 3065 aurigandi

172 3072 274 3142 tassis
295 3069 355 3140 isti
374 3071 545 3143 Centauri
575 3089 658 3144 sunt
688 3074 1021 3170 dictiPhilyrides,
1062 3078 1160 3169 quod
1212 3089 1246 3145 et
1261 3075 1458 3169 equitandi.
1561 3077 1732 3158 laeenam]
1759 3072 1891 3142 scilicet
1911 3097 2056 3164 equum.

173 3174 270 3245 iuxta
296 3168 474 3266 philyras,
507 3177 545 3244 id
568 3190 640 3259 est,
674 3177 712 3247 in
732 3180 839 3271 sylvis
858 3192 1092 3249 exercuerunt
1109 3180 1159 3247 la·
1312 3177 1373 3248 νε.
1395 3177 1477 3247 119.
1518 3175 1654 3266 Mrem]
1689 3174 1724 3241 id
1750 3187 1820 3258 est,
1860 3174 2031 3260 celerem,
2072 3175 2103 3245 si
2123 3196 2200 3245 non

173 3275 337 3346 trocinia.
402 3276 574 3348 Centauri
597 3280 765 3351 dicuntur
792 3305 812 3350 a
846 3284 1009 3370 κεντεῖν,
1035 3281 1159 3365 idest,
1211 3293 1263 3349 εει
1276 3280 1435 3362 iuvenis,
1470 3279 1610 3348 etiamsi
1634 3291 1686 3347 est
1706 3277 1809 3346 valde
1833 3301 2044 3367 generosus,
2076 3258 2287 3367 tamenaess.

171 3402 350 3470 pungere,
377 3391 412 3446 ει
425 3385 581 3477 ταῦρος,
614 3381 747 3466 idest,
780 3396 924 3468 taurus,
959 3383 1017 3454 sie
1041 3378 1159 3453 haben
1210 3379 1300 3451 nihil
1317 3385 1472 3473 prodest.
1567 3383 1783 3474 disquirunt]
1810 3380 1848 3448 id
1863 3392 1933 3463 εει,
1958 3380 2120 3472 magistri
2135 3404 2199 3449 an·

173 3477 248 3551 sich
268 3506 332 3550 aus
348 3481 429 3549 dem
447 3484 638 3577 stegereyff
651 3499 785 3576 genert.
1210 3487 1365 3553 telerunt
1394 3496 1545 3552 aetatem
1578 3484 1674 3552 iuxta
1706 3481 1956 3570 proverbium:
2006 3482 2078 3550 Eiu
2108 3483 2200 3553 alter
2285 3568 2288 3575 Ι

271 3580 340 3653 νε.
355 3581 417 3653 94.
455 3582 594 3683 Pelion]
629 3587 788 3657 Mentem
813 3584 1031 3659 Thessaliae.
1088 3586 1160 3655 De·
1211 3584 1376 3666 reuther‚
1404 3577 2043 3672 einaltespfertseyntnichtswert.

172 3684 312 3776 scripsit
329 3708 460 3777 equum
479 3686 784 3772 laudatissimum,
809 3703 900 3757 etex
920 3688 1002 3768 illo,
1029 3688 1160 3781 inquit,
1311 3685 1372 3753 Vs.
1395 3685 1478 3757 tet.
1504 3689 1572 3753 His
1587 3684 1850 3774 animaduersis]
1876 3683 1947 3751 Ubi
1965 3683 2112 3776 elegeris
2131 3686 2196 3754 bo·

172 3787 279 3855 aliam
296 3787 454 3854 sobolem
474 3811 549 3856 esse
565 3795 839 3877 procreandam.
1210 3814 1295 3858 num
1313 3811 1465 3879 equum,
1491 3783 1631 3872 saginas
1646 3805 1741 3850 eurn.

274 3883 334 3954 Vs.
351 3883 412 3955 96.
439 3882 593 3982 Ignosce]
621 3890 742 3972 idest,
769 3914 844 3958 non
860 3890 942 3956 ideo
965 3912 1090 3979 parcas
1114 3889 1159 3973 ei,
1311 3888 1372 3958 νε.
1392 3886 1475 3961 124.
1501 3890 1617 3955 Denso
1638 3877 1776 3979 pingui]
1804 3883 1932 3969 idest,
1966 3889 2197 3979 pinguedine,

172 3986 257 4082 quia
276 3998 327 4055 est
343 3987 413 4054 iam
431 4012 549 4056 senex.
1210 3994 1247 4061 in
1271 4016 1341 4086 qua
1365 3991 1410 4060 sit
1434 3995 1543 4059 densa
1566 4012 1671 4070 caro,
1712 3988 1796 4079 quia
1828 3988 1897 4056 alia
1926 4002 1978 4060 εει
2002 3993 2196 4082 pinguedo,

275 4087 336 4157 Vs.
356 4088 439 4159 100.
465 4095 641 4160 Incassum
658 4088 763 4182 sterit]
789 4089 942 4180 Elegans
965 4088 1158 4179 descriptio
1210 4120 1301 4190 quae
1328 4105 1379 4162 est
1402 4088 1660 4183 phlegmatica,
1688 4090 1930 4161 exuberantia.
1982 4092 2040 4163 Sic
2056 4094 2196 4165 Aristo-

171 4190 292 4263 senilis
306 4191 459 4275 suroris,
483 4194 545 4285 qui
563 4205 682 4260 tamen
700 4204 752 4262 εει
771 4192 914 4275 irritus,
940 4192 1030 4261 sicut
1046 4192 1158 4263 Grae·
1209 4199 1295 4269 teles
1329 4196 1462 4288 inquit:
1504 4192 1647 4263 Raritas
1676 4205 1729 4262 est
1757 4192 1898 4283 signum
1933 4194 2196 4281 imbecillitatis,

172 4319 233 4363 cus
248 4293 442 4365 versiculus
457 4308 580 4365 sonat:
607 4292 722 4362 Senex
747 4319 872 4365 :amans
894 4308 1051 4364 extrema
1073 4295 1159 4365 stul·
1210 4301 1364 4370 densitas
1382 4296 1535 4365 roboris.
2165 4286 2171 4297 ’

172 4396 250 4465 titia
272 4409 344 4478 est,
372 4409 438 4466 etc.
1309 4398 1369 4470 νε.
1387 4400 1472 4471 128.
1509 4398 1721 4491 Ιηυαιίἀὶᾲιιε
1742 4398 1895 4488 parunt]
1919 4396 2046 4470 Fortes
2072 4424 2194 4470 crean-

273 4498 334 4568 Vs.
355 4499 439 4568 101.
479 4502 573 4569 Hine
591 4494 696 4595 olias]
731 4498 859 4567 Postea
883 4494 921 4564 in
948 4497 1157 4568 educatione
1209 4517 1267 4572 tur
1283 4502 1446 4571 fortibus.
1499 4499 1657 4569 Galenus
1673 4498 1759 4566 dicit
1771 4500 1878 4567 etiam
1895 4502 2041 4572 morbos
2063 4524 2195 4592 props-

173 4590 366 4669 vid'endum
393 4614 463 4684 est,
497 4600 559 4693 qui
577 4601 649 4669 sint
673 4597 928 4691 generosiores.
979 4599 1027 4670 Es
1053 4596 1158 4691 gehct
1209 4602 1601 4697 gariaparentibusin
1621 4601 1765 4681 liberos,
1791 4601 1938 4671 sicutex
1956 4604 2194 4674 comitialibus

173 4700 340 4772 aucltein
356 4701 708 4794 plertundereinem
723 4703 863 4783 besser,
896 4700 947 4770 als
968 4704 1083 4771 under
1109 4703 1158 4773 ei·
1208 4707 1369 4799 patribus
1385 4716 1581 4776 nascuntur
1607 4703 1803 4772 comitiales
1824 4703 1888 4771 lilii
1911 4715 2059 4793 propter
2082 4702 2195 4772 imhe·
2280 4770 2290 4799 ι

171 4824 257 4870 nem
281 4806 448 4876 anderen.
513 4804 612 4876 Sicut
630 4828 743 4898 equus
757 4802 951 4872 Alexandri
975 4804 1156 4874 neminem
1209 4811 1389 4880 cillitatem
1410 4807 1557 4877 cerebri.

173 4915 228 4972 est
259 4929 381 4993 passus
413 4932 607 4989 sessorem,
648 4906 717 4977 nisi
749 4907 865 4999 ipsum
901 4905 1157 4989 Alexandrum,
1309 4910 1369 4982 νε.
1391 4906 1473 4983 199.
1498 4914 1578 4998 lpse
1603 4907 1729 4998 umens]
1752 4904 1876 4998 Equae
1896 4927 1969 4972 non
1995 4918 2081 4974 sunt
2103 4905 2195 4997 sagi-

171 5006 260 5075 item
287 5031 398 5099 equus
416 5009 455 5080 C.
472 5009 651 5092 Caesaris,
686 5023 751 5081 etc.
803 5007 849 5078 Et
871 5021 996 5077 narrat
1018 5008 1157 5078 Plinius
1207 5018 1369 5098 nandae‚
1395 5015 1480 5107 quia
1497 5010 1674 5080 difficilius
1689 5006 1906 5097 concipiunt.
2007 5004 2193 5107 Armenta]

174 5110 375 5198 exemplum
401 5113 445 5182 de
468 5113 623 5205 quodam
647 5111 862 5183 Germanico
885 5111 1066 5202 principe,
1095 5112 1156 5204 qui
1209 5117 1339 5211 Equos.

170 5205 300 5281 habuit
313 5236 465 5307 equum,
492 5226 620 5285 etcum
638 5214 697 5283 ille
721 5214 885 5305 princeps
911 5214 1046 5283 occisus
1069 5227 1158 5284 esset
1308 5218 1370 5289 Vs.
1388 5217 1473 5288 188.
1500 5219 1582 5287 cun
1593 5213 1748 5300 praviter
1766 5204 1895 5307 tumn]
1920 5210 1993 5281 Alii
2015 5211 2194 5295 dubitant,

172 5337 380 5353 “···“”““
1208 5335 1329 5392 utrum
1351 5319 1525 5406 intelligat
1549 5328 1687 5401 tempus
1712 5326 1794 5404 post
1814 5313 1972 5382 medium
1998 5314 2113 5397 diem,
2146 5334 2195 5381 su

207 5398 239 5465 θ)
261 5402 427 5465 9119990
445 5405 593 5455 '‘mim'‘
611 5405 633 5467 ¹⁹
653 5403 711 5454 ¹⁸⁶·
729 5404 953 5455 1988999911·
1209 5446 1295 5493 vero
1327 5435 1467 5511 tempus
1494 5417 1668 5488 aestivum
1698 5440 1761 5487 seu
1788 5439 1952 5486 vernum.
2024 5415 2107 5485 Non
2142 5424 2194 5482 est

207 5485 372 5608 8⁸]ozqgten
388 5490 568 5550 urelsonner]
588 5489 628 5539 slc
645 5490 797 5552 Ed.l.'s⁴l.;
828 5491 958 5554 Orchiam:
983 5488 1061 5558 texta
1078 5488 1157 5601 neni·
1210 5550 1298 5617 opus
1315 5524 1373 5592 illa
1391 5521 1652 5614 disputatione,
1680 5520 1764 5614 quia
1787 5519 1889 5613 equi,
1925 5515 1990 5586 etsi
2011 5516 2083 5586 sint
2102 5514 2195 5587 wla-

212 5636 395 5705 umnam
412 5640 519 5707 om.
548 5640 634 5708 Ver..
649 5640 747 5743 XIX.
869 5706 874 5715 ,
1617 5620 1669 5697 26
