4762 6008
219 340 293 417 aas
800 334 1059 409 numum.
1093 332 1654 412 scnmsennonocrca
1822 422 1827 431 ,
2174 344 2260 420 aso

219 526 357 587 veteres
374 512 413 582 in
425 512 586 584 versibus
601 508 810 600 digerebant
830 509 987 578 affectus.
1045 505 1091 577 Et
1119 532 1203 600 pro·
1256 522 1374 582 uatus.
1419 507 1564 601 Epilogi
1581 509 1656 580 viee
1674 520 1860 601 ponuntur
1875 507 2151 598 imprecationes
2165 532 2249 584 cum

221 630 301 711 pter
325 612 418 687 hanc
441 636 584 684 causam
606 612 714 681 etiam
736 609 992 680 assuefaciendi
1015 620 1099 679 sunt
1119 612 1205 680 ado·
1255 610 1495 704 descriptione
1521 612 1713 693 amatoris,
1743 609 1805 704 qni
1826 610 2078 702 desperatione
2101 613 2248 689 adactus

222 720 391 793 lescentes
403 717 451 785 ad
469 713 657 807 poeticen,
689 723 730 783 ut
753 711 904 781 lectione
923 722 1131 802 poematum
1154 712 1206 781 af·
1255 713 1367 785 vitam
1383 737 1486 784 suam
1500 712 1605 783 linire
1622 713 1765 804 cogitat.

226 823 338 892 fectus
358 816 513 897 leniant3
562 815 668 900 item,
711 825 752 884 ut
773 813 841 906 ipsi
864 813 1045 883 interdum
1067 813 1207 904 possint

223 923 370 992 affectus
390 942 474 992 suos
498 917 656 988 carmine
680 915 888 1008 complecti,
920 914 1032 984 lenire
1053 938 1207 999 amores,

223 1023 388 1096 insectari
401 1017 532 1093 hostes.
594 1019 692 1089 llaec
714 1019 753 1087 in
777 1018 858 1087 loco
883 1039 1052 1108 magnam
1073 1013 1207 1086 babent
1358 1014 1456 1085 llaec
1476 1012 1610 1107 Ecloga
1640 1016 1771 1108 duplex
1802 1016 1961 1087 continet
1994 1030 2248 1109 argsrmentnm

221 1126 365 1197 laudem
400 1135 436 1194 et
464 1122 669 1195 utilitatem.
733 1116 787 1190 lta
821 1114 1033 1190 Theocritus
1067 1118 1208 1190 orditur
1258 1129 1440 1210 sumptum
1458 1141 1502 1188 ex
1521 1116 1724 1188 imitatione
1738 1112 1936 1189 Theocriti.
1987 1112 2133 1192 Primus
2147 1118 2248 1194 lotus

224 1228 406 1323 quandam
418 1223 664 1320 Eclogam“):
697 1221 779 1304 Nil,
813 1234 955 1313 praeter
978 1221 1121 1305 Musas,
1152 1220 1207 1288 in-
1257 1214 1368 1290 habet
1410 1219 1703 1313 conquestionem
1743 1224 1816 1293 sive
1858 1220 2039 1317 querelam
2080 1221 2248 1308 amantis,

224 1353 350 1401 sanum
366 1328 455 1399 lenit
467 1349 640 1398 amorem.
698 1322 747 1395 Et
761 1324 931 1415 Virgilius
954 1318 1022 1394 hoc
1044 1324 1124 1393 loco
1146 1324 1208 1391 de·
1259 1344 1302 1390 eo
1325 1322 1421 1416 quod
1445 1323 1490 1391 ab
1513 1322 1629 1391 amico
1655 1332 1880 1413 contemptus
1895 1322 1951 1393 sit.
2003 1322 2128 1394 Simile
2143 1322 2248 1419 quid·

224 1432 380 1503 scribens
401 1427 586 1502 saevitiem
612 1426 767 1510 amoris,
799 1422 1010 1496 dehottatur
1025 1421 1208 1506 homines;
1258 1424 1343 1493 dam
1369 1436 1423 1495 est
1444 1422 1483 1492 in
1504 1419 1682 1494 Eunucho
1705 1423 1880 1496 Terentii.
1947 1422 2132 1497 &condus
2146 1424 2249 1498 locus

225 1547 260 1602 et
291 1530 380 1602 haec
410 1532 488 1624 ipsa
518 1529 695 1600 accusatio
726 1528 867 1618 mitigat
896 1529 1077 1612 furorem,
1118 1528 1209 1599 sicut
1259 1521 1368 1595 habet
1389 1525 1546 1597 studium
1570 1526 1731 1599 mulieris
1759 1527 1965 1610 cuiusdam,
2002 1526 2183 1601 veneficiis
2210 1540 2251 1601 et

226 1634 392 1727 querelae
414 1633 530 1703 solent
555 1630 727 1723 paulatim
752 1628 913 1699 minuere
933 1629 1084 1701 effusum
1107 1629 1209 1698 dolo·
1260 1627 1562 1700 incantationibus
1589 1627 1752 1699 conantis
1783 1630 1945 1699 animum
1976 1628 2048 1699 viri
2079 1628 2135 1703 sui
2165 1652 2250 1723 pcr-

224 1760 324 1818 rem,
349 1733 440 1805 sicut
453 1732 606 1804 Ovidius
628 1728 678 1801 ait
700 1730 740 1800 in
763 1729 875 1804 elib.
899 1733 944 1800 de
959 1730 1209 1824 Tristibus&
1260 1741 1410 1803 vertere.
2131 1762 2134 1767 ·
2204 1734 2208 1741 '

224 1834 397 1931 Expletur
412 1830 624 1928 lachrymis,
650 1834 875 1927 egeriturque
890 1834 1007 1904 dolor.
1046 1833 1208 1905 Secunda

227 1963 310 2032 pars
324 1949 377 2009 est
392 1949 533 2008 tantum
555 1936 716 2005 narratio
739 1935 893 2005 recitans
916 1933 1210 2015 incantationem,

229 2064 336 2137 quam
368 2038 520 2131 sumpsit
548 2051 655 2130 poeta
691 2062 733 2107 ex
758 2032 974 2122 Theocrito,
1012 2048 1053 2107 ut
1078 2037 1209 2129 stylum
1363 2029 1519 2123 Querela
1541 2044 1594 2102 est
1614 2042 1786 2123 perpetua
1811 2033 1988 2125 quaedam
2012 2028 2101 2107 haec
2110 2033 2247 2130 litlsgs

229 2153 424 2224 exerceret,
449 2142 527 2224 vel,
551 2153 593 2211 ut
608 2140 787 2211 derideret
802 2139 959 2231 magicas
976 2149 1089 2222 artes,
1122 2160 1211 2232 quas
1263 2133 1482 2214 amantium,
1519 2155 1622 2203 suam
1654 2133 1769 2203 vicem
1797 2133 2077 2226 deplorantium.
2144 2140 2249 2211 Alter

228 2241 477 2335 hicsignilicat
491 2242 717 2313 inanes'esse.
778 2241 956 2311 Habetin
980 2242 1052 2310 line
1074 2263 1210 2309 memo·
1263 2236 1426 2332 queritur
1440 2235 1485 2303 ab
1498 2235 1612 2305 amica
1628 2235 1737 2306 alium
1753 2237 1950 2307 deformem
1972 2250 2155 2329 pastorem
2177 2242 2248 2325 silai

229 2345 342 2415 rabile
370 2347 522 2413 dictum:
571 2343 649 2437 (Vs.
674 2342 775 2438 108.)
810 2348 1004 2428 Credimus,
1043 2368 1108 2426 aa,
1153 2345 1212 2435 qui
1262 2340 1476 2431 praelatum.
1538 2336 1655 2408 Porro
1686 2338 1927 2410 introducitur
1956 2351 1994 2409 et
2023 2364 2107 2434 saga
2138 2366 2252 2439 qnae-

230 2458 367 2530 osmst,
393 2451 460 2536 ipsi
473 2449 539 2517 aidi
557 2451 688 2517 somma
700 2438 863 2536 linqunt?
1263 2444 1360 2526 dam,
1376 2461 1468 2534 quae
1483 2439 1662 2511 veneficiis
1675 2452 1711 2510 et
1724 2442 1942 2514 carminibus
1956 2442 2074 2515 virum
2089 2444 2252 2543 snum')

1264 2546 1412 2615 domum
1442 2563 1612 2612 revomre
1642 2555 1806 2617 conatur.
1872 2544 2017 2618 Nomen
2043 2559 2101 2618 est
2126 2559 2254 2629 autom.

1263 2645 1416 2737 Eclogae
1445 2642 1751 2743 φαρμακεύιρια,
1789 2645 1952 2729 horest,
1993 2651 2171 2734 venefica,
2194 2664 2249 2720 c'o

331 2742 477 2838 Duplici
517 2757 728 2837 argumento
770 2755 909 2814 constat
949 2738 1038 2812 haec
1068 2738 1212 2831 Edoga.
1264 2750 1362 2841 quod
1379 2747 1516 2840 primas
1532 2743 1825 2841 habetpartesin
1849 2746 1987 2841 baem)
2000 2747 2133 2841 Eclogs
2157 2747 2251 2821 haec

230 2845 354 2918 Prirna
367 2871 454 2940 pars
466 2844 576 2918 habet
589 2848 770 2941 querelam
788 2845 941 2915 amantis
956 2840 1153 2932 contempti
1167 2841 1212 2908 ab
1264 2848 1491 2919 incantatrix.
1535 2846 1796 2946 Φαρμαχεύω,
1821 2848 1975 2933 horest,
1999 2849 2157 2933 inmuto,
2169 2892 2173 2901 ·
2184 2874 2249 2921 us-

231 2972 361 3036 uxore,
386 2972 494 3043 aquit
509 2960 674 3020 militium
691 2971 852 3018 amorem
876 2959 972 3016 cerlo
995 2953 1213 3037 speraveritis
1264 2974 1359 3020 neno
1377 2950 1515 3031 inficio;
1551 2954 1781 3048 φαρμακεῖς,
1805 2948 1875 3023 hoc
1889 2965 1961 3036 egi,
1985 2952 2246 3035 inclutam„

230 3051 352 3122 Altera
367 3074 452 3142 pars
464 3052 625 3121 continet
640 3049 915 3139 descriptionem
938 3047 1113 3137 insignem
1136 3066 1214 3112 ma·
1265 3065 1300 3122 nt
1322 3053 1386 3148 qni
1406 3053 1455 3125 sic
1476 3054 1772 3139 convincimur,
1809 3049 2139 3154 φῳμαωωτη
2162 3065 2249 3125 nunt

232 3150 301 3242 gici
329 3152 515 3235 carminis,
557 3176 630 3246 quo
660 3150 789 3223 mulier
818 3149 979 3218 animum
1006 3147 1076 3216 viri
1097 3144 1213 3215 insui
1264 3155 1349 3248 insin
1370 3153 1530 3227 Graecis,
2001 3156 2035 3203 t.

232 3274 394 3321 amorem
422 3253 563 3323 allicere
596 3254 725 3323 studet.
786 3250 903 3320 Series
925 3249 1099 3321 orationis
1125 3244 1212 3317 haec

232 3364 301 3423 est:
332 3352 459 3423 Primo
480 3353 561 3423 loco
581 3353 730 3443 ponitur
750 3352 961 3444 propositio.
1014 3351 1107 3422 Huic
1132 3350 1213 3420 sub
1559 3326 1696 3398 Allu‘l
1735 3326 1950 3400 ‘liudem-

232 3453 353 3524 iunma
386 3465 440 3525 est
466 3454 646 3524 invocatio
669 3478 735 3546 per
758 3450 1002 3546 apostrophen
1023 3455 1069 3522 ud
1091 3452 1213 3543 Augu·
1365 3461 1462 3532 Haec
1489 3460 1623 3552 Eclogn
1650 3460 1816 3554 inprimis
1845 3462 2067 3535 &uuanda
2089 3476 2143 3535 est
2165 3488 2248 3535 cum

233 3566 347 3639 stum,
373 3567 409 3624 et
425 3557 573 3646 figurata
590 3569 644 3629 est
665 3557 846 3627 invocatio
871 3568 976 3640 voto,
1001 3567 1150 3647 optans,
1173 3565 1214 3622 ut
1264 3578 1413 3658 propser
1427 3563 1592 3647 affectui,
1617 3565 1681 3658 qni
1696 3566 1901 3661 frequente,
1916 3562 2146 3648 inhaesus,
2169 3578 2248 3637 tun

233 3654 337 3725 liceat
358 3654 555 3751 aliquando
575 3657 736 3731 Caesaris
759 3682 817 3729 res
838 3671 953 3749 gestas
975 3658 1133 3727 carmine
1154 3657 1214 3725 de·
1264 3680 1414 3760 pnnpsnr
1435 3662 1771 3760 pharmaceutrian,
1811 3693 1903 3764 qnae
1931 3692 2017 3761 pus
2040 3667 2250 3759 mgnum

233 3758 405 3837 milhem
442 3756 515 3829 lam
541 3784 621 3832 cum
645 3760 743 3835 allud
766 3782 840 3830 non
865 3761 996 3852 potsll,
1030 3772 1134 3850 graio
1158 3758 1214 3826 ln·
1264 3769 1336 3840 tiae
1350 3783 1413 3842 θα,
1474 3768 1593 3843 Habet
1618 3769 1711 3839 enim
1743 3770 1844 3862 prior
1874 3794 1958 3862 pm
1978 3770 2132 3862 Eulogfle
2161 3770 2256 3839 muli

233 3858 339 3929 urim
352 3859 477 3931 animo
491 3860 700 3945 Bucolicum
718 3859 787 3933 hoc
805 3884 950 3933 carmen
975 3865 1135 3954 accipere
1154 3884 1213 3929 ve·
1266 3873 1487 3967 questionem
1506 3873 1678 3942 amatoris
1693 3872 1847 3965 decemb
1871 3872 2053 3965 posterior
2063 3872 2249 3956 mosum,

234 3960 288 4030 lli·
338 3960 494 4054 Querela
509 3963 923 4057 lntlplihdfflcl'lPTlone
940 3965 1110 4034 mulssilnl
1125 3975 1215 4032 iem·
1265 3975 1394 4071 quibus
1418 3975 1548 4044 mulier
1570 3975 1759 4069 quaepiam
1785 3987 1941 4044 mentem
1969 3973 2140 4046 amatorig
2165 3996 2248 4066 pet.

235 4060 346 4153 potit-
410 4062 549 4134 Deinde
579 4066 724 4135 additur
755 4063 947 4135 vehemens
979 4066 1105 4144 πάθος
1132 4088 1213 4134 cum
1265 4077 1392 4160 vertit,
1416 4089 1451 4146 et
1466 4073 1573 4148 habet
1588 4077 1770 4149 mirabiles
1784 4078 1983 4147 amantium
1999 4076 2159 4160 allectus,
2178 4086 2248 4147 est·

234 4161 494 4253 propositione,
519 4163 617 4236 cuius
630 4162 719 4235 hacc
733 4177 785 4235 est
793 4162 841 4259 ⁰⁸)
854 4187 1011 4235 summa:
1037 4165 1115 4255 Ego
1130 4188 1214 4234 con·
1265 4204 1335 4274 qne
1345 4174 1434 4251 hnic
1448 4203 1532 4272 pann
1552 4176 1749 4253 Theocriti.

236 4285 385 4354 querar,
425 4268 608 4357 quomodo
637 4266 828 4337 exciderim
858 4288 981 4337 uxore.
1046 4264 1215 4360 Sequitur

235 4362 502 4436 circumstantia
527 4368 615 4439 loci:
655 4368 773 4441 Credo
803 4364 872 4438 hoc
899 4366 1007 4438 fatale
1034 4392 1108 4438 esse
1130 4363 1214 4439 huic
1543 4350 1679 4423 Aliud
1704 4348 1979 4451 elu8d2m¹)·'
2086 4358 2089 4365 '

234 4466 338 4549 loco,
361 4478 403 4535 ut
415 4491 556 4560 semper
568 4473 614 4542 de
633 4470 766 4543 iniclici
793 4494 916 4542 amore
934 4464 993 4540 hic
1017 4483 1213 4565 querantur
1365 4482 1507 4554 Titulus
1528 4480 1633 4557 huius
1648 4482 1804 4577 Eclogae
1819 4482 2113 4559 Pharmaceutria
2135 4476 2246 4572 sigui-

236 4578 408 4658 putiotea·
481 4572 614 4643 Addita
642 4586 696 4645 eti
715 4572 953 4668 'amplificatio
984 4573 1029 4643 al)
1057 4574 1212 4647 absurdo
1264 4588 1345 4656 figat
1374 4585 1596 4659 veneficium,
1661 4585 1754 4661 Nam
1781 4582 1976 4681 pharmaca
1998 4580 2142 4661 Graecis
2168 4604 2248 4653 non

236 4692 316 4739 cum
339 4668 456 4740 ironia
480 4686 516 4743 et
536 4675 777 4750 insultatione.
837 4676 965 4747 Postea
987 4676 1214 4767 subiungitur
1264 4688 1374 4756 modo
1391 4687 1558 4758 salutaria
1575 4690 1755 4773 remedia,
1781 4692 1841 4760 sed
1865 4692 1972 4760 etiam
1989 4709 2124 4759 venena
2139 4683 2250 4775 signi-

235 4772 503 4845 narratiuncula
534 4778 589 4849 sui
617 4780 750 4851 amoris
773 4804 793 4848 a
817 4779 1054 4869 descriptione
1075 4777 1213 4860 aetatis,
1264 4792 1381 4859 finani,
1432 4788 1516 4859 lden
1542 4805 1660 4862 annm
1685 4786 1752 4862 hoc
1774 4817 1908 4861 nomen
1926 4789 2079 4882 Eglogne
2101 4786 2251 4879 imponi.

237 4895 344 4989 quam
360 4876 554 4969 amplificat
569 4880 648 4951 loco
663 4881 845 4952 communi
863 4883 908 4950 de
932 4901 1072 4962 amre,
1105 4893 1213 4973 1111111ε
1265 4905 1341 4962 tum
1358 4904 1430 4976 est,
1455 4893 1540 4987 quia
1554 4893 1594 4962 in
1615 4918 1656 4963 ea
1680 4894 1956 4965 introducuntur
1980 4895 2054 4963 duo
2074 4902 2252 4974 amantes,

235 4968 294 5042 luc
308 4974 407 5048 locus
421 4992 592 5076 tanquam
607 4985 818 5076 praecipuus
838 4978 984 5071 poeticis
1005 4981 1144 5072 figuris,
1179 4994 1214 5050 0²
1264 4993 1408 5063 Damon
1431 5009 1466 5066 et
1482 4991 1758 5089 Alphesiboeus,
1789 4996 1952 5083 dissimili
1975 4994 2120 5091 ingenio
2144 5014 2252 5087 prae·

237 5092 449 5165 argumento
472 5085 516 5153 ab
542 5085 667 5156 ellectu
688 5084 821 5156 amoris
843 5081 1056 5153 mirabiliter
1078 5095 1129 5154 est
1156 5105 1213 5152 or·
2012 5088 2016 5093 ’

1561 879 1700 953 Aliud
1726 880 1938 957 eiusdem.

1638 1733 1644 1742 e

1563 1893 1701 1967 Aliud
1728 1895 1941 1969 eiusdem.

526 2614 662 2686 Aliud
696 2613 911 2687 eiusdem.

237 5248 449 5266 ·““““··
1299 5251 1347 5318 aa)
1368 5250 1459 5318 suun]
1478 5254 1519 5305 nc
1536 5252 1619 5304 nutet.
1637 5254 1728 5319 usa,
1747 5253 1841 5318 isson
1865 5253 1892 5305 n
1910 5252 1961 5304 ru.
1977 5250 2054 5303 assa.
2072 5250 2158 5301 uma.

270 5339 319 5408 ⁹⁶)
338 5341 473 5394 11111111·
491 5344 572 5409 nnn.
590 5349 638 5400 x!-
1302 5355 1364 5423 roo)
1382 5353 1446 5423 use]
1464 5357 1507 5407 us
1524 5358 1606 5409 nuiss.
1623 5359 1715 5424 asos..
1735 5360 1828 5425 esaan
1853 5360 1882 5411 n
1896 5360 1947 5411 un
1965 5358 2038 5409 saco.
2057 5356 2147 5407 aare

270 5427 320 5494 ⁹7)
337 5426 418 5482 M·
435 5428 520 5484 '¹⁹¹⁸‘-
535 5432 590 5494 Νι
608 5426 640 5501 ³3
658 5433 700 5485 ³⁸·
1301 5458 1329 5523 t)
1347 5458 1408 5508 noc
1424 5458 1615 5519 argumentum
1631 5458 1819 5510 tautummodo
1841 5458 1871 5508 ln
1888 5456 1970 5509 nous.
1987 5456 2079 5523 lm,
2106 5450 2183 5506 Μ.
2200 5449 2251 5502 ln·

272 5514 322 5573 98)
339 5515 398 5576 sat]
415 5512 457 5567 slc
473 5516 557 5570 nuit.
575 5519 669 5584 lm,
688 5519 779 5583 esaan
804 5516 833 5571 ln
850 5520 901 5571 lld.
918 5520 992 5574 toto.
1010 5521 1097 5573 deest.
1336 5525 1463 5588 venitur,
1477 5527 1512 5575 ab
1529 5525 1579 5578 Ed.
1595 5527 1668 5577 toas.
1685 5530 1775 5578 abest.
1799 5600 1805 5611 .
2050 5528 2056 5551 ·’
