4762 6008
126 297 200 371 861
599 286 817 363 LXXXVIII.
867 282 1150 365 ENAIIIIA'I’IO
1182 284 1464 367 GEOIIGICON
1495 284 1701 360 VIRGIIXI.
2079 294 2156 373 302

129 484 287 575 Odyssea
303 477 440 572 aliquid
454 490 635 570 sumptum
652 491 722 560 cst;
748 488 870 549 utrum
884 502 971 549 vero
987 502 1055 569 par
1071 479 1118 551 sit
1168 480 1260 553 siodi
1299 480 1394 551 euim
1435 478 1623 551 consilium
1656 475 1725 546 tuit
1763 500 1838 547 non
1878 493 2068 574 praecipue
2110 486 2154 553 dc

131 584 286 653 eiusdem
300 593 428 672 poetae
444 580 613 663 facultas,
638 580 723 649 nolo
741 579 989 675 pronuntiare.
1021 580 1118 653 Nota
1168 583 1407 673 agricultura,
1441 584 1504 653 sed
1529 583 1572 652 de
1601 578 1762 650 moribus
1794 579 1966 666 scrihere,
2020 584 2155 657 addens

130 696 182 755 cst
201 682 376 756 sententia
393 681 609 776 Quintiliani
621 678 689 771 ¹l),
714 704 823 778 quam
845 684 952 753 credo
970 682 1119 756 alicuius
1169 685 1292 754 brevia
1310 685 1486 779 quaedam
1504 693 1693 776 praecepta
1711 680 1764 751 rei
1783 683 2023 769 domesticae,
2047 686 2157 779 signi-

130 787 261 860 vetusti
282 784 417 857 autoris
443 809 536 870 esse,
576 782 786 854 inferiorem
817 808 892 855 esse
914 783 1120 879 Virgilium,
1170 788 1279 857 licans
1301 788 1469 856 virtutem
1491 811 1569 855 cum
1594 784 1717 853 labore
1740 782 1967 856 coniunctam
1996 810 2070 861 esse
2095 791 2156 862 de-

130 890 192 958 sed
217 889 266 957 ita
295 900 431 970 tamen,
456 900 498 961 ut
522 887 640 979 primo
662 887 706 956 sit
729 887 900 977 propior,
925 911 1033 981 quam
1050 900 1120 959 ter·
1170 890 1265 975 bere.
1331 884 1526 958 Theocrito
1550 899 1602 957 est
1623 910 1707 957 sane
1734 885 1896 959 inferior.
1953 886 2036 960 Illas
2058 890 2156 963 enim

131 990 196 1062 tio.
246 989 297 1060 Ac
319 992 478 1081 proiecto
502 989 603 1061 Iacile
630 989 767 1059 excellit
789 988 968 1060 liomerus
995 1014 1120 1061 omnes
1171 990 1419 1062 blandissimas
1454 989 1597 1059 delicias
1630 1011 1859 1082 nequaquam
1894 1003 1947 1061 est
1979 1005 2157 1065 assecutus

132 1093 241 1174 alios,
267 1104 343 1161 tum
356 1091 542 1177 Graecos,
567 1104 641 1162 tum
659 1089 820 1160 Latinos.
871 1090 1043 1184 Superior
1059 1116 1121 1163 au·
1172 1093 1362 1184 Virgilius,
1387 1104 1493 1184 atque
1515 1087 1613 1161 haud
1638 1091 1732 1174 scio,
1766 1115 1812 1158 an
1835 1092 1985 1183 recipiat
2005 1118 2064 1165 eas
2087 1091 2157 1165 La-

132 1207 205 1263 tem
244 1192 401 1263 Hesiodo
433 1193 604 1285 Virgilius
636 1193 740 1262 facile
768 1217 842 1263 esse
869 1195 998 1285 potuit.
1051 1192 1121 1264 Ile·
1176 1195 1251 1265 tina
1271 1196 1404 1286 lingua.

334 1410 520 1485 Scholia
547 1409 757 1505 Philippi
783 1408 1102 1517 Melanthonis
1136 1415 1180 1484 iu
1216 1414 1385 1484 librum
1412 1409 1439 1484 I.
1473 1412 1737 1503 Georgicon
1763 1411 1963 1504 Virgilii.

234 1565 294 1636 Vs.
306 1566 375 1652 19)
391 1563 537 1664 Mnus]
554 1568 663 1649 idest,
679 1566 819 1649 uberes,
833 1568 996 1657 grandes.
1050 1568 1120 1653 Quo
1144 1624 1149 1652 ,
1170 1566 1307 1637 civitati
1321 1562 1492 1647 Athenas,
1518 1564 1706 1657 Neptunus
1723 1589 1854 1659 equum
1869 1565 2051 1656 produxit,
2076 1565 2159 1634 Pal·

131 1668 258 1760 sidere]
285 1666 412 1752 idest,
439 1671 568 1762 quibus
586 1667 818 1759 temporibus.
1144 1669 1224 1741 tlas
1258 1667 1386 1739 oleam.
1456 1664 1508 1736 Ibi
1541 1667 1747 1737 iudicarunt
1778 1667 1964 1737 inventum
1999 1667 2158 1739 Palladis

236 1767 295 1838 Vs.
320 1774 357 1843 2.
396 1766 523 1868 Ulmis]
557 1770 685 1840 Ulmus
709 1783 744 1839 et
764 1769 824 1837 illa
848 1770 976 1853 arbor,
1010 1793 1119 1863 quam
1172 1772 1410 1864 praestantius
1432 1794 1505 1841 esse
1520 1769 1680 1861 Neptuni
1703 1770 1870 1853 invento,
1896 1770 1931 1839 id
1956 1783 2026 1854 est,
2051 1769 2159 1861 signi-

133 1892 199 1939 nos
214 1894 384 1942 vocamus
399 1886 561 1958 rustern,
586 1897 628 1942 ex
645 1895 714 1966 qua
731 1872 1046 1965 plerumqueliunt
1061 1896 1120 1941 ro·
1171 1874 1325 1942 licarunt
1353 1883 1448 1943 artes
1476 1872 1574 1963 pacis
1604 1896 1678 1943 esse
1710 1872 1989 1964 praestantiores
2023 1871 2160 1943 artibus

133 1984 191 2041 tae
207 1996 389 2043 curruum.
1172 1975 1276 2058 belli,
1301 1987 1337 2042 et
1351 1974 1510 2044 civitates
1527 1974 1639 2065 magis
1656 1976 1785 2044 dehere
1804 1975 1919 2045 colere
1943 1987 2038 2044 artes
2062 1973 2159 2066 pacis

126 2108 135 2119 ·
236 2074 346 2147 Vas.
371 2071 548 2175 Habenda]
571 2077 696 2159 idest,
718 2075 860 2144 alendo.
1174 2102 1282 2171 quam
1300 2074 1396 2146 belli.

235 2176 297 2249 Vs.
319 2178 355 2251 4.
388 2174 632 2279 disperientia]
666 2178 799 2262 idest,
832 2176 977 2269 Quanta
1002 2173 1048 2245 sit
1068 2173 1121 2243 In·
1274 2178 1335 2250 Vs.
1360 2178 1421 2251 14.
1449 2170 1766 2274 cucumerum]
1799 2176 1837 2246 id
1859 2190 1930 2261 est,
1955 2176 2161 2251 Aristaeum

136 2281 271 2352 dustria
289 2281 326 2349 in
343 2280 481 2371 apibus.
1174 2294 1352 2373 pastorem
1382 2281 1545 2364 invocat,
1582 2281 1645 2375 qui
1675 2281 1746 2349 iam
1778 2305 1844 2372 pro
1867 2284 1936 2351 deo
1966 2283 2160 2355 colebatur.

236 2380 297 2455 Vs.
312 2379 349 2455 6.
371 2387 463 2453 Hinc
476 2376 653 2477 incipiam]
669 2377 887 2467 Propositio.
978 2382 1059 2459 Vos,
1085 2370 1121 2472 o]
1173 2382 1257 2453 Fuit
1279 2395 1379 2452 vetus
1404 2382 1534 2475 aliquis
1556 2378 1811 2475 philosophus,
1844 2385 1960 2456 bonus
1982 2382 2168 2479 physicus„

135 2483 331 2555 invocatio.
419 2487 618 2555 clarissim
633 2480 780 2583 Iumina]
798 2491 915 2571 idest,
940 2477 1123 2577 (baffi)
1175 2483 1238 2577 qui
1251 2483 1362 2551 multa
1380 2482 1535 2566 invenit,
1561 2486 1788 2570 monstravit,
1815 2489 1998 2580 quomodo
2016 2512 2058 2557 ex
2073 2487 2167 2558 oleis

137 2611 293 2681 quorum
325 2584 537 2676 praecipuae
569 2594 652 2653 sunt
683 2584 777 2658 vires
812 2590 849 2659 in
883 2584 1123 2683 producendis
1174 2595 1294 2676 posset
1325 2583 1477 2676 exprimi
1492 2586 1622 2657 oleum.
1688 2584 1777 2658 ltem
1803 2590 1987 2681 reparavit
2013 2586 2163 2684 physica

136 2686 310 2779 frugibus.
1175 2686 1314 2755 ratione
1337 2708 1433 2777 apes.
1498 2686 1592 2757 Nam
1616 2690 1717 2759 iussit
1735 2690 1823 2781 poni
1848 2716 1976 2785 corpus
1998 2693 2102 2764 bovis
2122 2691 2165 2761 in

239 2788 298 2860 Vs.
316 2786 352 2859 7.
378 2787 663 2879 ΙλῠονοίΔΙηια]
680 2792 745 2863 Hic
759 2794 911 2864 multum
927 2791 1124 2883 disputant,
1174 2790 1292 2858 Iocum
1317 2788 1496 2869 clausum,
1521 2800 1555 2857 et
1577 2813 1652 2857 non
1674 2792 1837 2882 pervium
1860 2794 1995 2877 ventis,
2021 2820 2064 2865 ex
2087 2818 2161 2889 quo

136 2916 184 2961 au
199 2886 287 2960 haec
300 2914 367 2982 per
383 2890 645 2983 appositionem
661 2892 889 2987 intelligenda
906 2894 996 2977 sint,
1022 2906 1063 2962 ut
1077 2892 1124 2958 ad
1176 2914 1326 2983 corpore
1344 2892 1542 2982 putrefacto
1558 2906 1679 2982 postea
1700 2916 1784 2983 apes
1800 2907 1901 2962 ortae
1919 2908 2013 2965 sunt.
2065 2896 2161 2967 Nam

136 2993 322 3086 superiora
347 2994 558 3062 referantur.
625 2992 695 3067 Sed
725 3024 790 3091 ego
816 2997 954 3071 omissis
979 2996 1049 3066 illis
1070 2992 1124 3061 in·
1174 2992 1265 3063 fumi
1281 2992 1319 3060 in
1341 2992 1403 3059 illo
1428 2993 1508 3061 loco
1530 3017 1604 3062 nou
1620 3006 1770 3086 possunt
1786 2991 1964 3068 exhalare.
2015 2995 2080 3067 Est
2097 3019 2163 3067 au·

138 3096 241 3188 eptiis
253 3119 393 3188 expono
414 3096 472 3164 illa
491 3094 774 3194 simpliciterpro
784 3100 911 3172 Cerere
926 3092 1124 3177 etBaccho‚
1176 3107 1247 3165 tem
1262 3089 1322 3163 hic
1346 3091 1494 3187 pulchra
1518 3093 1727 3187 significatio
1753 3098 1951 3190 proposita.
2002 3097 2161 3171 Ecclesia

139 3224 227 3291 quos
252 3210 334 3289 post
361 3199 406 3287 Ε)
432 3211 465 3268 et
488 3212 514 3287 Ι)
543 3199 687 3272 invocat
717 3219 888 3297 tanquam
918 3202 1124 3271 inventores
1176 3209 1257 3268 sunt
1272 3220 1369 3289 apes,
1385 3196 1436 3264 illi
1452 3211 1647 3267 nascuntur
1665 3212 1876 3270 exmactato
1893 3196 2160 3293 corporeChri·

138 3301 279 3393 frugum
298 3300 436 3370 etvini.
1047 3335 1054 3347 ¹
1175 3300 1232 3372 sti.
1283 3298 1338 3367 De
1361 3296 1430 3368 hoc
1452 3300 1490 3369 in
1510 3299 1570 3371 IV.
1593 3301 1697 3391 plura
1719 3298 1942 3374 habebimus.
1984 3322 1996 3333 “
2054 3298 2161 3401 Seu]

237 3403 299 3473 Vs.
324 3403 360 3475 S.
395 3406 579 3475 Chaoniam
596 3398 768 3503 glandem]
808 3406 949 3499 Species
972 3430 1039 3497 pro
1066 3427 1124 3495 ge·
1176 3402 1246 3473 Cea
1262 3414 1314 3472 est
1330 3401 1444 3472 insula
1462 3426 1504 3471 ex
1522 3402 1734 3498 Cycladibus
1750 3405 1788 3475 in
1804 3406 1897 3474 mari
1911 3406 2066 3497 Aegaeo.
2117 3402 2160 3474 ln

140 3531 237 3586 nere,
255 3518 297 3574 ut
311 3506 342 3576 si
357 3505 725 3600 diceretllercyniam.
760 3507 857 3579 Dicit
871 3522 989 3580 autem
1007 3504 1124 3577 Chao·
1175 3504 1238 3574 illo
1257 3506 1545 3577 locosunthona
1566 3530 1708 3598 pascua.

140 3607 257 3692 niam,
292 3608 376 3703 quia
402 3610 440 3677 in
465 3604 646 3696 Chaonia,
683 3612 786 3703 Epiri
815 3614 980 3702 regione,
1013 3608 1124 3702 pluri·
1276 3604 1338 3675 Vs.
1357 3605 1416 3674 19.
1443 3603 1559 3801 Ptcrr}
1583 3608 1619 3674 id
1636 3606 1967 3698 est,'‘I'riptoIeme.

139 3712 693 3909 mumVIIVduIchVhoaIerlelhia]
713 3813 750 3883 id
767 3824 831 3895 est,
853 3834 998 3906 aquam,
1015 3810 1123 3879 etiam
1277 3704 1339 3875 Vi.
1352 3706 1415 3877 {A
1440 3710 1558 3901 {³qu
1571 3708 2069 3899 aIIiecIItidscisItt'IIIlIIuguste.

138 3914 273 4006 species
284 3936 353 4007 pro
370 3938 511 4005 genere.
562 3910 740 3985 Achelous
756 3927 809 3984 est
822 3914 953 3985 iluvius
965 3912 1080 4006 Epiri.
1278 3905 1419 3980 vscat
1433 3933 1485 4002 sq.
1513 3910 1663 3981 Camilia
1684 3904 1850 4009 Deorum]
1874 3910 2036 3981 Deorum
2062 3912 2160 3983 ordi·

242 4014 302 4087 Vs.
321 4017 380 4087 10.
407 4012 538 4114 Fauni]
565 4016 753 4099 Faunum,
778 4015 961 4109 Dryades,
988 4016 1123 4108 Neptu·
1175 4034 1238 4082 nes
1253 4022 1407 4103 quatuor
1423 4010 1529 4093 iacit,
1555 4012 1781 4095 coelestium,
1805 4012 2049 4098 terrestrium,
2082 4039 2160 4085 ma-

137 4147 246 4203 num,
268 4118 448 4203 Aristum,
472 4120 573 4188 Paua
601 4119 846 4213 etSylvanum
869 4118 996 4187 ordine
1020 4119 1123 4187 invo·
1175 4114 1340 4186 tinorum
1356 4124 1392 4182 et
1413 4111 1623 4187 inferorum.
1674 4112 1732 4185 Ad
1743 4114 1884 4186 'inferos
1906 4115 2020 4185 nolim
2040 4128 2076 4186 te
2099 4118 2160 4189 de-

137 4237 213 4307 cat,
240 4224 324 4318 quia
339 4224 585 4317 unusquisque
601 4222 752 4292 istorum
770 4224 920 4292 deorum
945 4233 1007 4292 aut
1026 4221 1125 4290 inve·
1175 4218 1344 4291 scendere
1367 4214 1497 4309 inquit.
1548 4214 1724 4303 Erebis,
1756 4216 1895 4310 iuquit,
1926 4219 2042 4289 tribus
2064 4218 2161 4290 ordi·

137 4328 234 4398 uerit
260 4326 418 4421 aliquid,
443 4338 506 4396 aut
527 4327 662 4418 praesit
681 4325 745 4408 iis,
772 4348 864 4419 quae
880 4321 937 4395 his
950 4324 1052 4395 libris
1063 4324 1124 4393 de·
1175 4322 1280 4391 nibus
1303 4318 1437 4411 delige,
1463 4342 1567 4413 quem
1589 4319 1706 4404 voles,
1732 4320 1806 4391 sive
1821 4333 1862 4390 ut
1875 4321 1982 4391 urbes
1996 4333 2031 4391 et
2044 4334 2158 4393 terras

139 4432 335 4525 scripturus
350 4428 407 4500 sit.
1176 4422 1352 4494 curandas
1377 4421 1568 4513 suscipias,
1600 4421 1674 4491 sive
1702 4421 1813 4495 maris
1840 4422 2052 4516 imperium,
2087 4424 2161 4494 sive

239 4534 301 4604 Vs.
320 4534 380 4606 12.
406 4536 595 4623 Gaias-isso
607 4531 822 4623 saeuientem]
846 4530 881 4601 Ο
896 4544 937 4605 tu
945 4531 1124 4622 Neptune,
1176 4526 1317 4617 signum
1342 4521 1489 4616 aliquod
1512 4523 1662 4595 coeleste
1686 4526 1772 4611 lias,
1797 4527 1844 4595 ad
1870 4529 1969 4622 quod
1991 4524 2160 4618 Scorpius

140 4635 203 4729 qui
217 4636 498 4727 diciturprimus
514 4636 722 4729 produxisse
736 4659 880 4730 equum.
931 4633 1026 4707 Nam
1050 4656 1123 4701 me·
1177 4627 1306 4702 Chelas
1328 4648 1410 4697 suas
1433 4621 1631 4709 contrahit,
1655 4626 1792 4722 tibique
1819 4629 1968 4698 alteram
1991 4627 2047 4698 sui
2071 4647 2155 4717 par-

138 4739 292 4810 miniatis
303 4740 482 4825 fabulam,
505 4740 545 4808 in
566 4763 637 4835 qua
658 4762 739 4809 cum
762 4738 950 4829 Neptunus
968 4734 1124 4805 inventis
1176 4747 1247 4803 tem
1262 4728 1435 4800 concedit.

141 4851 293 4911 certaret
312 4867 392 4912 cum
415 4842 582 4927 Pallade,
617 4854 698 4912 uter
720 4843 823 4911 daret
844 4837 1122 4931 appellationem
1274 4830 1336 4902 Vs.
1345 4833 1407 4904 28.
1422 4831 1602 4922 Materna]
1620 4830 1656 4898 id
1672 4842 1736 4914 est,
1751 4830 1927 4900 Veneres.
1993 4820 2153 4925 Myrtus]

1176 4951 1227 5008 est
1242 4937 1347 5005 affine
1362 4935 1533 5030 quiddam
1550 4933 1602 5015 ei,
1627 4934 1724 5026 quod
1741 4956 1808 5002 nos
1827 4930 1934 5020 vulgo
1951 4928 2152 5021 myrtillum

1175 5061 1344 5109 vocamus
1370 5037 1470 5107 illum
1494 5035 1678 5117 fruticem,
1717 5034 1762 5101 da
1793 5032 1852 5102 die
1877 5027 2070 5124 heydelber
2094 5030 2160 5099 auf

176 5140 223 5209 tl)
243 5144 354 5206 Quintil.
378 5146 467 5198 lustIt.
486 5145 565 5198 orat.
582 5142 717 5209 Χ,1,86.
1174 5136 1356 5213 wanhun·

175 5245 207 5313 ²)
225 5248 366 5303 ΝΜ
381 5257 512 5299 Μ”Μ
529 5244 646 5310 W'VV
662 5242 771 5305 versis,
788 5254 860 5308 ‘¹¹¹⁸‘
877 5243 905 5293 ¹¹¹
921 5244 972 5295 Μ
987 5238 1062 5297 ¹³¹⁴·
1079 5244 1123 5296 ¹⁰·
1263 5242 1404 5330 'vead
1420 5250 1545 5353 aaut]
1565 5254 1683 5340 idest,
1708 5252 1916 5325 Norbeiam.
1985 5250 2155 5343 Intelligit

208 5319 329 5383 guntur,
347 5329 381 5367 ex
397 5318 447 5369 teu.
466 5314 605 5379 Wagner.
621 5312 683 5376 ipss
698 5312 845 5376 adscripsi,
979 5360 985 5371 ,
1176 5364 1186 5382 .
1326 5360 1335 5378 ·
1431 5358 1441 5377 ·
1984 5358 1993 5374 ο

173 5418 215 5485 2¹)
233 5422 293 5471 tres
311 5421 445 5472 Morou
461 5422 560 5483 noae,
577 5428 646 5482 quas
662 5418 713 5471 rto.
728 5418 802 5470 tsst.
821 5420 846 5469 a.
862 5420 880 5470 1.
899 5422 929 5471 st
940 5420 968 5471 tn
979 5432 1056 5485 ,m
1071 5423 1122 5471 Μ,
1175 5366 1253 5435 illas
1270 5364 1414 5434 mutuas
1429 5358 1581 5445 insulas,
1598 5381 1690 5453 quae
1704 5371 1788 5432 sunt
1800 5370 1882 5452 post
1898 5356 2054 5428 Scotram
2075 5376 2155 5423 ver-

210 5491 271 5553 ost,
290 5490 375 5541 cusu
390 5490 420 5539 tu
434 5489 506 5541 teuc
522 5490 575 5545 nu.
591 5486 695 5551 recept.
1142 5448 1152 5545 I
1175 5492 1234 5537 sus
1247 5460 1540 5558 septentrionem,
1554 5484 1774 5557 quamquam
1782 5462 1917 5548 dicunt,
1933 5460 2030 5555 quod
2038 5452 2160 5525 Thule

139 5032 345 5046 ------
