4762 6008
180 262 255 339 203
708 280 712 295 ²
766 251 887 323 Plllb.
922 188 1035 322 MIiL.
1062 247 1265 354 scalpra
1297 249 1634 325 PHILOLOGICA.
1732 262 1738 269 '
2146 262 2225 336 204

179 440 286 506 decus
301 438 533 526 quaerentes,
558 438 594 494 et
608 425 772 494 laborum
792 424 964 518 requiem.
1004 419 1104 514 (Aac.
1123 423 1173 518 1.)
1227 436 1345 492 autem
1370 449 1435 494 suo
1462 425 1634 493 laetitiam
1663 424 1792 494 attulit.
1847 424 1912 495 Cui
1927 427 2095 498 accidunt
2108 444 2225 521 grata,

138 522 142 526 ⁴
178 534 369 610 Perficitur
392 543 511 600 autem
535 522 623 597 haec
646 527 821 596 divinatio
846 527 883 593 in
913 525 1064 616 gratiam
1097 526 1174 616 pio·
1226 539 1379 595 mortem
1399 526 1629 596 obliviscitur.
2221 581 2224 586 .

179 665 281 721 reim,
308 635 370 730 qui
386 631 599 723 supplicant.
629 628 677 697 Et
691 641 748 711 tu,
776 629 915 711 oPisa‚
942 628 1062 718 accipe
1078 623 1174 697 hunc
1328 624 1429 721 (Ant.
1446 628 1499 723 4.)
1525 626 1636 697 Decet
1651 641 1768 698 autem
1786 652 1843 696 me
1858 640 1893 696 et
1906 628 2116 721 Blepsiadas
2134 636 2225 707 cele·

179 739 367 836 hymnum.
418 731 766 824 Magnagloriaest,
793 731 850 799 cui
874 731 1049 820 contingit
1069 755 1172 800 suum
1225 730 1348 813 brare,
1374 744 1409 799 et
1424 731 1540 799 dicere
1556 731 1717 801 victrices
1734 755 1858 800 eorum
1875 755 2024 818 manus,
2050 736 2113 829 qui
2125 730 2225 811 ntiuc

180 866 321 914 munus.
373 835 454 905 Atia
476 858 563 903 vero
586 833 664 904 aliis
686 834 780 901 bona
806 833 993 915 eveniunt,
1027 846 1061 901 et
1078 831 1173 903 Deus
1225 844 1359 901 sextam
1391 857 1562 902 coronam
1592 827 1735 901 habeut.
1802 833 1895 903 Nam
1919 846 1955 902 et
1982 839 2029 904 ad
2058 853 2224 915 mortuos

181 943 289 1014 variis
306 941 424 1009 modis
441 938 647 1006 benefacere
663 948 790 1026 potest.
1225 934 1379 1025 pertinet
1413 936 1526 1025 gloria
1562 947 1806 1025 posterorum,
1850 959 1916 1004 nec
1948 937 2066 1028 pulvis
2100 942 2225 1016 obruit

283 1044 363 1138 (Ep.
383 1041 434 1135 1.)
459 1038 533 1109 Vos
550 1039 866 1128 autemAeginetas
882 1036 1044 1108 adiunxit
1058 1039 1172 1107 latum
1225 1049 1459 1126 cognatorum
1491 1038 1655 1129 gloriam.
1714 1037 1794 1130 (Ep.
1822 1035 1876 1134 4.)
1911 1035 2041 1130 lpbion
2064 1067 2222 1134 proavus

131 1225 135 1234 ,
181 1148 276 1230 lovi,
302 1144 440 1237 generis
455 1141 592 1211 autori:
621 1153 655 1209 te
672 1137 944 1211 Timosthenem
969 1140 1006 1208 in
1030 1139 1173 1211 Nemeis
1225 1139 1373 1210 audiens
1390 1139 1559 1209 Mercurii
1575 1140 1684 1207 filiam
1697 1137 1869 1223 Famam,
1896 1142 2220 1220 dicetCallimacho

181 1250 434 1340 conspicuum,
475 1243 721 1313 Alcimedonta
751 1244 790 1311 in
819 1243 1008 1336 Olympiis.
1086 1241 1174 1312 Erat
1225 1241 1412 1310 victoriam
1431 1243 1467 1310 in
1481 1242 1676 1334 Olympiis,
1704 1265 1811 1334 quem
1828 1240 1963 1334 Iupiter
1978 1246 2010 1314 ei
2027 1262 2220 1340 cognatum

62 1398 69 1409 ·
117 1422 125 1428 ,
179 1356 377 1430 formosus,
410 1347 565 1416 etlactis
587 1371 720 1416 ornans
742 1347 915 1425 formam;
960 1370 1044 1413 nam
1068 1344 1173 1435 Aegi·
1225 1344 1333 1413 dedit.
1384 1345 1504 1414 Addat
1521 1358 1638 1415 autem
1657 1342 1790 1434 lupiter
1813 1339 1868 1415 bis
1892 1347 1997 1418 bouis
2018 1350 2088 1420 alia
2111 1353 2220 1440 bona,

180 1478 265 1524 nam
281 1453 436 1547 patriam
459 1449 670 1529 celebravit,
700 1474 780 1517 cum
805 1449 944 1519 vicisset
966 1449 1077 1518 lucta:
1111 1446 1174 1516 ubi
1225 1459 1259 1514 ct
1285 1448 1439 1538 depellat
1459 1472 1583 1519 saevos
1603 1448 1761 1518 morbos.
1826 1445 1923 1539 Opto
1950 1452 2078 1536 etiam,
2111 1477 2157 1525 ne
2181 1455 2220 1525 in

181 1569 363 1628 exercetur
385 1551 543 1634 lustitia,
578 1552 735 1621 assidens
756 1553 851 1642 apud
867 1548 988 1619 lovem
1013 1546 1173 1640 hospita·
1224 1545 1292 1617 hac
1305 1552 1459 1640 gloriosa
1477 1553 1549 1619 vita
1562 1549 1723 1620 Nemesis
1740 1549 1883 1618 inimica
1902 1551 1971 1642 ipsi
1985 1568 2131 1637 noceat;
2157 1559 2220 1628 sed

180 1662 272 1741 lem,
298 1654 392 1747 (Str.
406 1653 461 1748 2.)
482 1653 594 1744 magis
612 1677 720 1746 quam
737 1655 860 1723 colunt
876 1677 954 1721 earn
970 1653 1032 1720 alii
1055 1648 1172 1721 homi·
1224 1663 1264 1719 ut
1281 1675 1387 1743 agens
1411 1654 1521 1723 vitam
1548 1652 1799 1748 tranquillam,
1834 1668 1964 1744 augeat
1986 1681 2068 1730 suos
2094 1670 2130 1728 et
2156 1683 2220 1751 pa·

180 1786 255 1831 nes.
306 1757 379 1828 Ubi
394 1780 521 1847 magna
540 1756 732 1825 multitudo
755 1755 922 1837 confluit,
947 1754 1097 1823 difficile
1121 1766 1174 1825 est
1224 1753 1342 1824 triam.

181 1876 275 1933 recte
291 1861 461 1930 iudicare.
513 1858 582 1928 Sed
597 1858 652 1928 lex
677 1856 797 1926 divina
821 1854 914 1926 banc
937 1857 1089 1927 insulam
1111 1879 1172 1926 va-

181 1967 244 2035 riis
264 1959 465 2059 hospitibus
487 1961 671 2031 constituit
696 1984 769 2030 esse
790 1961 927 2029 felicem
956 1961 1172 2030 columnam.
1627 1956 1718 2039 0th
1743 1957 1819 2040 IX,

180 2066 336 2137 Veniens
357 2076 499 2154 tempus
520 2076 638 2134 servet
658 2060 758 2156 (Ant.
778 2064 831 2159 2.)
854 2063 1029 2145 insulam,
1072 2061 1172 2130 attri-

179 2171 305 2239 butam
321 2165 556 2235 Doriensibus
569 2178 652 2258 post
663 2164 842 2248 Aeacum,
869 2189 975 2259 quem
991 2164 1122 2255 Apollo
1139 2175 1173 2232 et

178 2272 389 2362 Neptunus,
416 2267 634 2337 aedificaturi
649 2293 791 2338 murum
807 2265 861 2336 llii
871 2321 881 2351 ,
914 2268 981 2337 sibi
1003 2267 1200 2337 adinum-⁸
1327 2261 1418 2354 (so.
1436 2261 1486 2354 1.)
1512 2255 1718 2330 Archilochi
1734 2283 1878 2328 carmen
1894 2284 2027 2332 sonans
2042 2260 2218 2357 inlym-

179 2385 266 2444 runt
286 2371 422 2442 socium
445 2368 721 2452 aedificationis,
759 2370 842 2465 quia
868 2383 945 2439 erat
967 2372 1099 2453 latum,
1134 2369 1173 2436 in
1224 2363 1303 2454 pia,
1330 2365 1483 2453 gloriose
1499 2365 1613 2432 victor
1632 2388 1653 2431 o
1673 2362 1862 2446 Callinico,
1889 2375 1944 2432 ter
1960 2376 2143 2434 cantatum
2162 2391 2218 2437 sa-

179 2475 272 2545 bello
312 2473 439 2562 rapido
480 2473 556 2562 igni
589 2471 741 2543 Troiam
782 2472 978 2564 perituram
994 2471 1041 2565 ¹⁶)
1086 2494 1171 2541 esse.
1224 2465 1268 2533 lis
1299 2466 1367 2534 luit
1396 2467 1493 2555 apud
1523 2466 1694 2534 Cronium
1734 2465 1932 2548 tumulum,
1981 2479 2022 2535 ut
2061 2468 2217 2560 praeiret

179 2574 326 2670 (aaz.)
347 2574 543 2666 Postquam
561 2585 681 2645 autern
694 2598 788 2644 nova
805 2575 914 2644 turris
931 2586 1088 2643 extructa
1108 2584 1172 2654 est,
1223 2564 1464 2659 prarmosto
1481 2571 1625 2638 ducenti
1644 2569 1793 2639 sodales.
1846 2568 1950 2639 Nunc
1976 2593 2060 2639 vero
2086 2574 2216 2641 accedo

178 2691 250 2748 tres
284 2680 457 2747 dracones
486 2658 719 2759 adstiterunt,
758 2701 911 2772 quorum
933 2680 1006 2746 duo
1033 2673 1172 2744 decide·
1223 2668 1342 2738 lovem
1359 2667 1415 2741 bis
1437 2672 1673 2753 carminibus,
1709 2683 1743 2740 et
1762 2673 2052 2763 promontorium
2069 2672 2217 2769 Helidis,

177 2793 285 2859 runt,
319 2791 353 2847 et
377 2778 498 2846 afflicti
521 2779 657 2849 mortui
679 2792 779 2857 suut;
811 2781 936 2848 tertius
957 2802 1042 2847 vero
1067 2772 1172 2845 vehe-
1224 2774 1322 2864 quod
1340 2773 1476 2868 Lydius
1492 2774 1623 2866 Pelops
1643 2774 1777 2864 accepit
1798 2775 1891 2842 dotis
1913 2775 1993 2843 loco
2014 2775 2060 2845 ab
2076 2774 2217 2868 Hippo-

177 2883 291 2951 menti
315 2879 471 2949 clamore
495 2881 637 2972 irrupit.
703 2877 743 2949 ld
767 2881 972 2972 prodigium
996 2880 1172 2969 interpre·
1223 2874 1355 2945 damia.
1405 2876 1506 2969 (Aac.
1524 2877 1574 2975 1.)
1596 2877 1698 2945 Mitte
1712 2876 1874 2966 sagittam
1891 2877 1983 2944 etad
1996 2871 2215 2968 Pythonem.

177 2998 271 3054 tatus
308 2994 361 3052 est
382 2983 532 3074 Apollo:
574 2983 749 3074 Pergama
778 2983 964 3073 capientur
992 3004 1032 3048 ea
1056 2990 1171 3072 parte,
1223 2975 1306 3046 Non
1330 2974 1458 3047 humili
1478 2983 1640 3048 oratione
1664 2980 1776 3050 utaris
1801 2992 1947 3069 propter
1968 2978 2079 3049 luctas
2106 2977 2215 3052 huius

73 3097 79 3107 ’
178 3109 248 3179 qua
272 3097 376 3153 tuum
400 3107 490 3174 opus
514 3096 584 3166 est,
626 3096 667 3152 ut
692 3079 761 3151 boc
785 3072 962 3153 ostentum
987 3082 1171 3173 significat.
1224 3079 1317 3163 viri,
1368 3076 1541 3151 citharam
1575 3085 1733 3163 feriens,
1786 3082 1848 3175 qui
1881 3083 2054 3152 oriundus
2085 3094 2140 3153 est
2172 3108 2216 3154 ex

177 3186 270 3279 (scr.
293 3185 347 3279 5.)
381 3184 577 3276 Capientur
610 3197 729 3254 autem
762 3209 838 3254 non
867 3185 943 3255 sine
976 3186 1046 3256 tuis
1078 3184 1171 3255 filiis.
1222 3181 1378 3273 Opunte.
1444 3185 1624 3257 Laudabis
1650 3198 1768 3254 cautem
1798 3197 1834 3253 et
1859 3186 1984 3255 urbem
2019 3197 2055 3252 et
2087 3186 2214 3272 civem,

176 3287 393 3358 Domabitur
419 3300 538 3355 autem
563 3310 643 3356 curn
668 3287 795 3378 primis
815 3299 851 3356 et
873 3288 1020 3381 quartis.
1074 3287 1171 3356 llaec
1222 3309 1330 3380 quam
1349 3285 1518 3370 Themis,
1544 3303 1580 3357 et
1592 3290 1663 3358 lilia
1679 3289 1753 3359 eius
1765 3287 1944 3358 Eunomia
1966 3288 2138 3359 servatrix
2160 3314 2214 3360 re·

177 3414 257 3459 cum
274 3388 380 3480 plane
394 3387 538 3459 dixisset
549 3386 666 3471 Deus,
692 3389 902 3480 properavit
917 3392 962 3458 ad
973 3384 1170 3472 Xanthum,
1222 3389 1283 3478 git.
1347 3390 1471 3460 Floret
1501 3405 1620 3461 autem
1653 3417 1693 3461 ea
1725 3393 1811 3462 urbs
1837 3391 1995 3461 victoriis
2012 3387 2152 3484 Pytltiis
2178 3406 2214 3463 et

1381 2110 1660 2199 Ephormosto
1689 2110 1834 2195 Opuntia
1860 2111 2055 2202 παλαιστῇ.

69 3550 71 3555 ,
177 3503 212 3561 et
228 3493 273 3559 ad
291 3503 470 3584 equestres
488 3492 709 3572 Amazones,
738 3515 779 3560 ac
795 3493 841 3560 ad
855 3489 996 3562 lstrum.
1034 3490 1169 3582 Neptu·
1221 3491 1438 3583 Olympicis,
1484 3497 1580 3562 unde
1610 3517 1763 3566 coronae
1798 3506 1949 3563 matrem
1978 3491 2211 3567 Locrensium

175 3616 344 3664 nusvero
362 3589 605 3663 adlsthmum
628 3594 963 3683 currum-agitavit,
994 3595 1170 3666 comitans
1221 3591 1399 3664 attollunt.
1467 3595 1547 3688 (ap.
1574 3596 1623 3691 1.)
1656 3597 1732 3688 Ego
1763 3610 1881 3666 autem
1914 3593 2059 3665 charam
2085 3599 2211 3669 urbem

175 3701 333 3769 Aeacum
362 3695 480 3764 aureis
503 3695 624 3788 equis,
657 3694 757 3790 (Ant.
779 3696 833 3791 3.)
868 3710 902 3767 et
932 3699 980 3769 ad
1003 3692 1168 3768 Corinthi
1219 3696 1414 3787 splendidis
1439 3698 1620 3771 illustrans
1651 3701 1886 3780 carminibus,
1929 3700 2088 3793 undique
2119 3697 2212 3771 banc

175 3799 256 3888 iuga
275 3798 416 3868 visurus
430 3797 653 3868 sacrificium.
1218 3801 1350 3868 lamam
1367 3825 1533 3893 spargam
1550 3803 1697 3874 celerius
1714 3827 1807 3896 equo
1822 3816 1858 3872 et
1874 3827 1983 3886 nave,
2010 3803 2212 3875 sileliciter

278 3896 376 3968 ldem
399 3923 486 3968 vero
509 3923 585 3968 non
617 3899 767 3969 delectat
795 3896 930 3973 omues.
990 3902 1111 3995 Quare
1137 3902 1167 3973 si
1219 3902 1619 3976 excellentiGratiarum
1635 3901 1740 3976 horto
1756 3908 1867 3977 fruar.
1906 3905 2094 3976 Haeeuim
2110 3931 2211 4001 prae·

80 4001 84 4007 ’
173 3999 337 4071 Milesiae
373 4025 557 4070 occurram
592 3996 729 4092 hymno
764 4006 810 4071 ad
843 4003 1016 4094 gloriam,
1056 4029 1165 4099 quam
1217 4006 1304 4075 bent
1326 4007 1559 4079 delectabilia.
1624 4008 1672 4079 Et
1692 4009 1778 4080 boni
1803 4021 1837 4077 et
1860 4007 2038 4101 sapientes
2064 4034 2107 4081 ex
2133 4009 2210 4081 Deo

173 4114 299 4171 nactus
317 4113 369 4170 est
394 4102 583 4185 imberbis,
615 4125 661 4170 ue
684 4127 742 4171 me
767 4126 894 4195 aspero
919 4104 1040 4194 lapide
1063 4106 1168 4175 feriat
1218 4109 1309 4202 (Str.
1325 4111 1378 4209 2.)
1403 4125 1497 4184 suut.
1554 4112 1747 4205 Quomodo
1773 4113 1868 4181 enim
1886 4112 2056 4184 Hercules
2077 4114 2211 4185 triden-

171 4204 277 4274 livor.
328 4203 422 4273 Nam
439 4217 475 4273 et
489 4217 612 4296 postea
629 4203 725 4272 virili
740 4217 856 4275 aetate
872 4204 1066 4277 inNemeis
1081 4207 1166 4277 vicit
1217 4224 1288 4281 tem
1321 4216 1490 4285 movisset
1522 4216 1678 4299 clavam,
1719 4220 1865 4313 quando
1888 4218 1933 4285 ad
1955 4215 2085 4309 Pylum
2112 4231 2210 4289 stans

174 4302 324 4399 (aas.)
342 4304 540 4394 pancratio.
591 4304 687 4376 llaec
702 4306 827 4378 similis
844 4308 957 4402 gloria
973 4319 1026 4378 est
1039 4309 1164 4402 priori.
1216 4314 1403 4410 Neptunus
1417 4318 1585 4404 sustinuit
1599 4319 1705 4389 eum?
1756 4319 1803 4387 Et
1819 4344 1981 4412 pugnans
2002 4344 2081 4391 cum
2095 4320 2211 4411 Apol·

172 4405 312 4475 Docere
329 4406 432 4475 facile
446 4420 499 4479 est
513 4406 650 4508 scienti.
683 4408 840 4479 Stultitia
856 4423 908 4483 est
923 4424 1064 4498 autem,
1090 4438 1164 4483 non
1215 4417 1306 4499 line,
1332 4419 1500 4488 sustinuit
1514 4421 1620 4490 eum?
1671 4422 1745 4493 Nec
1760 4423 1866 4493 Pluto
1882 4424 2069 4493 immotam
2091 4424 2211 4495 tenuit

171 4508 272 4600 prius
292 4506 438 4579 discere.
502 4509 551 4579 Et
575 4534 651 4580 uon
673 4512 827 4604 experti,
864 4516 1044 4589 stultiores
1068 4530 1162 4589 sunt.
1214 4520 1372 4611 virgam,
1399 4546 1470 4615 qua
1489 4525 1653 4593 mortalia
1672 4550 1823 4617 corpora
1845 4527 1989 4599 deducit
2011 4530 2057 4597 ad
2079 4553 2210 4599 cavum

170 4611 348 4703 Expertus
375 4635 483 4704 opera
507 4637 570 4684 sua
593 4614 719 4685 melius
739 4616 855 4687 dicere
877 4631 1014 4713 potest,
1051 4645 1161 4716 quam
1214 4624 1344 4692 vicum.
1408 4624 1477 4694 Sed
1504 4627 1615 4697 abiice
1641 4623 1735 4699 hunc
1757 4654 1980 4715 sermonem,
2015 4630 2101 4726 quia
2122 4655 2210 4701 con-

172 4715 253 4798 alii,
294 4713 357 4809 qui
383 4717 511 4786 modus
535 4739 577 4786 ex
604 4717 856 4789 certaminibus
879 4721 996 4793 virum
1017 4725 1064 4813 ad
1086 4723 1162 4825 glo-
1214 4726 1336 4795 viciari
1359 4725 1456 4812 Diis,
1489 4731 1611 4801 odiosa
1636 4735 1811 4825 sapientia
1836 4749 1898 4805 est.
1962 4734 2010 4805 Et
2039 4733 2208 4826 gloriatio

164 4817 261 4886 *riam
281 4819 445 4886 adducat.
675 4880 682 4898 ,
1213 4830 1460 4921 intempestiva
1492 4834 1593 4930 (Ant.
1615 4835 1668 4932 2.)
1692 4839 1850 4908 insaniae
1874 4850 2059 4908 consonat.
2122 4836 2209 4910 Nou

271 4920 376 4990 Nunc
393 4919 426 4988 ei
441 4918 651 4990 Alcimedon
674 4924 778 4994 decus
799 4938 869 5009 est,
901 4940 1024 5001 nactus
1049 4929 1161 5000 victo·
1211 4934 1341 5004 stridas
1372 4935 1470 5006 talia.
1536 4936 1672 5007 Omitte
1700 4943 1854 5019 bellum,
1896 4940 2022 5011 omitte
2046 4963 2206 5033 pugnam

170 5015 261 5084 riam
283 5022 518 5106 tricesimam,
552 5020 711 5121 (Stet)
739 5025 807 5121 qui-
825 5027 903 5099 Deo
925 5032 1090 5118 iuvante,
1126 5046 1162 5102 et
1210 5037 1287 5107 sine
1302 5037 1393 5107 Deo.

167 5141 244 5186 non
260 5119 335 5189 sine
351 5123 506 5209 viribus,
532 5124 719 5198 iuvenibus
734 5130 886 5202 reditum
910 5135 1093 5219 odiosum,
1125 5147 1160 5206 et
1313 5141 1509 5211 Convertas
1530 5155 1649 5211 autem
1669 5141 1830 5234 linguam
1856 5147 1901 5214 ad
1924 5148 2050 5218 urbem
2075 5146 2208 5218 Proto·

166 5219 358 5311 ingloriam
375 5226 555 5317 linguam,
589 5243 625 5298 et
645 5229 712 5300 iter
733 5235 918 5306 occultum
935 5238 1027 5308 lecit.
1078 5238 1157 5308 Avo
1210 5240 1546 5333 genianpuntem,
1573 5244 1842 5319 ubiDeucalion
1862 5246 2209 5344 ethrrhadescen·

171 5383 377 5397 .,..........
1062 5379 1066 5391 ,
1209 5347 1332 5414 dentes
1344 5366 1387 5411 ex
1398 5343 1598 5434 Parnasso,
1624 5352 1863 5423 condiderunt
1877 5356 2046 5436 domum,
2072 5366 2109 5424 et
2126 5353 2207 5425 siue

115 5456 117 5460 ·
204 5458 250 5518 ts)
269 5458 436 5521 perituram]
453 5462 502 5512 so.
520 5461 594 5514 ttae.
615 5467 710 5517 mento
730 5469 858 5536 ωυρμ
881 5472 1043 5537 pertram..
1209 5448 1400 5518 concubitu
1416 5450 1511 5519 nacti
1525 5466 1610 5523 suut
1625 5448 1831 5528 hominibus
1845 5456 2000 5527 similem
2022 5458 2207 5529 foetorem
