4762 6008
1335 88 1347 131 Ι

280 299 359 377 ms
737 391 740 397 μ
863 293 987 367 ruu.
1021 292 1134 365 niun.
1160 292 1363 366 sontem
1381 291 1730 364 'rurnouoorcn
1983 242 1988 249 ⁴
2238 306 2314 380 sec

283 495 368 543 men
391 471 435 538 ab
458 465 541 550 ἅλς,
567 467 604 535 id
632 478 701 547 est,
731 489 848 549 mare,
869 456 917 534 ‘et
943 467 1047 567 nupia
1060 464 1106 561 18)
1134 490 1273 557 parere,
1427 464 1488 534 Vs.
1512 463 1599 537 432.
1634 468 1800 543 Sinoria
1826 467 1865 534 in
1889 463 2085 566 quarto¹⁸)]
2119 467 2153 537 Α
2182 490 2315 565 quarto

285 575 369 670 quia
386 571 545 639 nidificat
566 569 605 635 in
622 567 777 656 scopulis
800 567 929 649 maris,
954 563 989 636 el
1011 570 1155 658 quando
1172 592 1272 637 mare
1326 567 1383 636 die
1398 591 1509 659 usque
1524 569 1570 635 ad
1586 565 1821 658 plenilunium
1838 580 1961 637 manet
1978 570 2190 666 plerumque
2214 568 2315 647 simi-

285 677 374 747 solet
396 695 469 742 esse
492 669 756 750 saevissimum,
789 668 953 737 videlicet
975 668 1067 736 circa
1091 672 1271 752 brumam,
1323 671 1366 740 lis
1389 672 1612 757 tempestas'
1824 752 1826 756 ¹
2297 664 2300 669 ’

284 791 369 846 tunc
387 770 540 841 excludit
554 795 637 840 suos
651 769 779 860 pullos.
832 769 880 838 Et
892 782 1042 860 propter
1059 771 1166 840 istum
1190 795 1271 863 par·
1428 768 1488 839 Vs.
1506 768 1593 840 434.
1618 773 1812 839 Nascantur
1834 766 1972 868 abillo]
2000 771 2079 842 Hoc
2102 775 2316 872 plerumque

284 890 360 946 tum
376 896 475 941 mare
493 882 545 941 est
557 871 803 965 tranquillum.
845 870 985 940 Deinde
1002 873 1109 941 etiam
1124 884 1177 943 est
1190 872 1271 943 talis
1324 896 1450 942 verum
1468 886 1532 955 est,
1553 874 1583 942 si
1599 894 1673 937 non
1691 870 1849 938 incidant
1864 871 2020 961 insignes
2031 877 2315 967 coniunctiones.

283 990 412 1046 natura
429 973 673 1064 Halcyonum,
698 984 739 1042 ut
755 973 909 1042 extincto
929 974 1041 1042 altero
1059 975 1149 1043 alter
1162 973 1270 1044 etiam
1424 972 1485 1042 Vs.
1496 973 1728 1051 tutunus
1739 970 1973 1071 uranum]
1990 974 2083 1046 Sunt
2097 981 2313 1052 mariniDii.

282 1078 470 1148 moriatur.
520 1071 611 1144 ltem
628 1076 772 1168 quando
797 1075 967 1158 maritus,
995 1075 1058 1169 qui
1075 1075 1161 1145 Ceix
1186 1075 1272 1145 dici·
1423 1074 1485 1145 Vs.
1502 1075 1589 1146 438.
1614 1069 1832 1171 Solquoque]
1859 1074 2017 1167 Quando
2042 1090 2149 1155 mane
2173 1086 2228 1153 sol
2259 1099 2313 1161 est

225 1236 228 1243 .
285 1193 364 1262 tur,
404 1179 476 1244 iam
499 1177 636 1259 senuit,
675 1200 792 1271 neque
815 1177 969 1267 amplius
994 1179 1116 1246 volare
1143 1189 1272 1269 potest,
1325 1177 1544 1259 maculosus,
1571 1189 1656 1253 tunc
1673 1177 1849 1264 significat
1865 1179 2037 1269 pluviam.
2061 1191 2075 1267 ᾖ

285 1294 370 1351 tunc
409 1278 550 1347 femella
594 1302 677 1347 eum
717 1291 831 1367 gestat
866 1292 1037 1371 aquatum
1067 1277 1119 1348 'ad
1152 1280 1272 1349 dulces
1302 1280 1317 1357 ‚¹
1424 1277 1484 1348 Vs.
1505 1277 1592 1350 441.
1628 1274 1837 1375 Variaverit]
1872 1280 2028 1373 Quando
2052 1290 2093 1370 Θ
2117 1298 2310 1360 est-macu-
2339 1325 2342 1330 ·

286 1404 418 1476 aquas,
445 1392 480 1448 et
494 1394 616 1471 postea
634 1404 757 1451 mrsus
780 1380 819 1447 in
839 1381 964 1449 nidum
986 1392 1111 1469 gestat.
1161 1378 1203 1449 ln
1218 1380 1272 1450 si·
1323 1382 1431 1467 losus.
1560 1390 1565 1402 ’
2002 1381 2009 1393 ’

287 1484 367 1554 culo
386 1481 476 1574 mari
492 1482 662 1550 dicuntur
678 1504 752 1552 esse
766 1482 924 1573 plurimi.
967 1480 1042 1551 Vos
1058 1494 1177 1551 autem
1192 1481 1273 1551 dili·
1356 1536 1362 1545 ,
1426 1479 1487 1553 Vs.
1504 1480 1591 1552 444.
1617 1477 1786 1578 Sinister]
1813 1481 1849 1550 id
1867 1494 1937 1565 est,
1964 1486 2104 1556 noxius.

287 1596 415 1681 genter
428 1595 596 1675 naturam
608 1577 715 1652 huius
730 1583 889 1653 aviculae
903 1583 1158 1666 memineritis,
1188 1583 1272 1677 quia
1424 1582 1589 1654 νε..446.
1617 1578 1771 1678 Pallida]
1798 1583 1924 1668 idest,
1952 1597 2036 1655 tunc
2060 1589 2168 1658 etiam
2191 1591 2310 1661 futura

290 1699 343 1758 est
364 1679 604 1776 pulcherrima
629 1684 748 1774 imago
776 1686 961 1768 ecclesiae,
1001 1709 1092 1779 quae
1115 1685 1273 1776 paritio
1326 1695 1377 1753 est
1392 1684 1490 1774 larga
1508 1685 1641 1777 pluvia.
1985 1697 1988 1703 “

255 1787 401 1869 mari,
427 1786 464 1855 id
487 1798 557 1870 est,
579 1787 622 1853 ‘in
645 1786 770 1856 mediis
793 1788 958 1877 procellis
982 1802 1017 1856 et
1037 1788 1272 1858 fluctibusre-
1313 1776 1319 1789 ’
1436 1786 1496 1857 νε.
1512 1787 1598 1858 466.
1624 1789 1738 1858 Solem
1760 1783 1852 1884 quie]
1876 1786 2132 1878 Amplifie'atio,
2159 1806 2313 1882 possunt

286 1914 368 1961 rum
391 1882 644 1975 humanarum.
694 1886 744 1956 Et
766 1901 887 1957 tamen
908 1913 1008 1958 mare
1038 1888 1175 1979 cogitur
1199 1913 1273 1960 esse
1324 1886 1402 1955 lieri
1421 1890 1649 1979 prognostica
1671 1915 1747 1959 non
1776 1904 1916 1959 tantum
1947 1891 2185 1981 praesentium
2216 1907 2312 1962 tem·

194 1998 196 2003 '
286 1989 544 2083 tranquillum,
583 2000 619 2057 et
638 1990 811 2079 praebere
840 1991 996 2082 aliquem
1022 1991 1142 2060 locum
1165 1990 1274 2059 eccle-
1324 2000 1521 2078 pestatum,
1539 2062 1543 2071 ,
1560 1995 1621 2060 sed
1649 1995 1757 2061 ctiam
1784 1992 1936 2061 aliarum
1967 1992 2228 2080 mutationum,
2269 1995 2312 2073 id

199 2092 202 2101 ’
287 2093 396 2163 siam
437 2087 527 2158 Item
557 2084 648 2160 sicut
668 2091 810 2159 femella
833 2093 1003 2161 maritum
1029 2106 1143 2182 gestat
1164 2115 1274 2185 aqua·
1325 2092 1422 2180 quod
1453 2104 1599 2164 eventus
1617 2093 1817 2184 eclipsium
1852 2100 2066 2166 testantur.'
2128 2093 2311 2190 Loquitur

257 2204 260 2209 ’
287 2205 365 2263 tum
388 2192 434 2258 ad
454 2192 573 2261 dulces
596 2215 727 2284 aquas:
760 2193 810 2262 sic
829 2194 975 2264 ecclesia
1000 2217 1144 2288 quoque
1170 2194 1274 2262 debet
1325 2191 1432 2261 etism
1455 2189 1514 2261 hic
1538 2196 1582 2262 de
1604 2194 1737 2279 bellis,·
1753 2195 1838 2289 quia
1865 2195 1974 2287 ipsius
2002 2209 2099 2266 aetas
2121 2199 2246 2269 incidit
2270 2200 2310 2290 ip

286 2292 524 2370 reuerentiam
541 2305 576 2361 et
591 2294 763 2384 pabulum
777 2294 849 2365 suis
866 2297 1084 2366 doctoribus.
1189 2297 1274 2365 lle-
1316 2292 1385 2360 ,itta
1402 2294 1600 2365 miserrima
1619 2288 1710 2365 bella
1727 2295 1856 2370 civilia.
1907 2298 1956 2369 Et
1971 2300 2039 2369 fuit
2063 2303 2309 2393 quadragena·

268 2389 369 2490 titii]
396 2394 524 2477 idest,
550 2396 654 2464 mari.
1324 2394 1398 2464 rius
1418 2397 1511 2478 fere,
1552 2421 1633 2466 cum
1655 2398 1789 2469 bellurn
1810 2402 1910 2471 inter·
1930 2402 2118 2474 Caesarem
2141 2416 2177 2473 et
2199 2404 2309 2485 Po'm-
2369 2480 2374 2489 .

390 2510 452 2582 Vs,
473 2510 560 2583 401,
594 2515 670 2583 lma
693 2509 827 2609 pesum]
855 2514 891 2582 id
917 2527 990 2597 est,
1021 2513 1169 2606 quando
1190 2513 1274 2582 suh.
1324 2496 1445 2587 peium
1461 2509 1597 2589 gestum
1618 2513 1681 2571 est.
1732 2500 1833 2572 Vidit
1846 2504 1954 2573 etiam
1969 2506 2102 2577 bellum
2125 2508 2218 2577 inter
2233 2508 2309 2576 An-

286 2615 410 2685 ,idunt
424 2615 587 2684 nebulae,
1114 2610 1119 2618 '
1324 2597 1444 2669 tonios
1460 2613 1499 2669 et
1509 2596 1643 2685 Brutos
1652 2636 1670 2686 ,·
1689 2603 1774 2672 item
1797 2606 1891 2676 inter
1909 2607 2108 2678 Antonium
2133 2622 2168 2680 et
2183 2608 2310 2679 Caesa-

388 2713 450 2785 Vs.
462 2714 550 2786 404.
576 2711 701 2811 Meua]
729 2715 853 2798 idest,
880 2714 959 2784 Nisi
974 2715 1125 2785 sublime
1149 2716 1274 2785 volan·
1323 2723 1401 2770 10¹¹!
1419 2702 1631 2793 Augffitum·
1697 2705 1859 2791 Tandem
1884 2732 2007 2780 mnus
2034 2711 2122 2779 vidi!
2143 2725 2309 2802 pacatam

287 2830 339 2889 tes
356 2818 581 2887 serenitatem
602 2817 813 2906 significant.
1231 2878 1256 2898 .,
1327 2802 1495 2894 Patriam,
1516 2818 1552 2873 θῑ
1566 2818 1729 2878 m0r11¹1¹⁸
1743 2807 1859 2897 31¹⁷)-

208 2922 213 2931 “
388 2917 448 2987 νε.
467 2914 554 2988 405.
579 2912 715 3013 Scylla]
742 2918 778 2987 id
802 2930 873 2998 est,
906 2915 1042 2986 Cassita
1066 2917 1117 2987 sic
1134 2916 1273 2988 dictaa
1426 2903 1488 2977 Vs.
1505 2903 1591 2981 466.
1620 2906 1780 3009 casae]
1806 2912 1928 2994 idest,
1948 2923 2032 2980 ante
2046 2921 2200 2979 mortem
2216 2910 2311 2981 Cae-

112 3022 132 3087 .“
180 3062 184 3069 -
285 3018 438 3097 casside3
480 3019 609 3090 alauda
636 3032 688 3090 est
710 3042 843 3087 nomen
866 3029 985 3097 vetus;
1015 3018 1146 3089 dicitur
1164 3020 1272 3105 etiam
1312 3006 1427 3079 saris.
2326 3089 2329 3095 .

187 3192 191 3199 ,
285 3119 446 3211 galerita.
1339 3150 1358 3188 .·
1425 3108 1487 3180 Vs.
1514 3113 1600 3185 470.
1635 3116 1837 3209 discantque
1860 3108 1978 3213 unes]
2002 3113 2132 3196 idest,
2162 3117 2312 3185 fuerunt

318 3286 322 3295 .
386 3220 449 3291 Vs.
472 3218 559 3290 414.
586 3225 744 3303 metare
767 3197 892 3314 niden]
921 3218 1030 3288 Corvi
1047 3221 1193 3314 quando
1214 3245 1272 3291 re·
1323 3214 1454 3313 mulia,
1474 3217 1723 3319 prognostica.
1782 3261 1787 3270 ·
1846 3213 2139 3314 Imperiumque]
2162 3217 2211 3307 ‚id
2244 3230 2311 3302 est,

286 3322 398 3392 dsunt
411 3323 458 3391 ad
474 3347 557 3392 suos
577 3324 694 3401 nidos,
711 3334 795 3391 tunc
810 3322 952 3411 signum
968 3334 1021 3391 est
1035 3323 1246 3393 serenitatis.
1325 3337 1400 3385 non
1417 3342 1483 3387 suo
1499 3331 1661 3411 tempore
1683 3319 1854 3390 volantes.
1872 3336 1875 3341 '
1904 3374 1907 3379 .
2073 3360 2079 3371 =
2131 3329 2135 3334 '

385 3423 429 3494 V.
455 3422 542 3494 417.
582 3424 725 3496 Mobilis
743 3416 879 3518 humor]
916 3421 1049 3492 Reddit
1082 3424 1273 3509 rationem,
1321 3491 1323 3495 ,
1396 3422 1399 3427 ’
1426 3432 1488 3507 Vs,
1511 3436 1598 3508 471,
1638 3434 1831 3536 cyclopum]
1864 3438 1903 3508 id
1922 3453 1993 3523 est,
2024 3412 2311 3530 Aetna'pmger
2344 3485 2375 3524 4

197 3592 200 3597 -
286 3525 372 3619 (1⁰1³
393 3525 526 3620 inqui&
552 3524 657 3596 Aeris
674 3525 835 3619 ''qualilfis
863 3537 998 3594 mutata
1027 3526 1135 3595 afficit
1164 3526 1271 3595 etiam
1324 3536 1474 3606 solitum
1506 3537 1608 3606 eiecit
1637 3539 1819 3624 flammas,
1861 3542 1952 3611 sicut
1988 3564 2083 3610 anno
2113 3540 2309 3634 praeterito

285 3625 525 3697 animantium
542 3651 713 3719 corpora,
739 3627 776 3695 id
794 3626 892 3720 quod
910 3651 1034 3696 verum
1051 3639 1114 3698 est.
1165 3626 1272 3699 Vide·
1324 3650 1440 3707 totum
1464 3639 1537 3715 fere
1560 3641 1733 3731 oppidum
1758 3643 1899 3714 puteoli
1925 3643 2032 3736 periit
2057 3654 2174 3713 terrae
2195 3651 2310 3727 motu,

284 3751 365 3798 mus
395 3729 503 3798 etiam
536 3730 719 3801 turbidum
748 3752 868 3798 aerem
895 3729 1003 3798 etiam
1029 3731 1169 3800 afficere
1196 3731 1272 3800 ani-
1325 3752 1360 3808 et
1378 3763 1562 3811 accensum
1581 3755 1644 3813 est.
1939 3781 1945 3788 ·

285 3829 461 3900 montium
480 3855 631 3922 corpora
649 3832 833 3923 segniora,
859 3834 988 3902 deinde
1006 3856 1171 3903 serenum
1199 3835 1272 3902 ala·
1426 3841 1486 3912 Vs.
1509 3840 1597 3914 475.
1662 3827 1781 3945 Alpes]
1826 3849 2123 3943 Quandocunque
2165 3847 2311 3917 fuerunt

286 3929 424 4047 eriora,
449 3930 540 4001 sicut
561 3934 668 4003 etiam
691 3935 818 4003 videtis
838 3934 877 4000 in
898 3934 1099 4025 podagricis
1129 3940 1164 4004 et
1193 3935 1271 4004 aliis
1324 3956 1442 4013 terrae
1468 3959 1587 4017 motus
1613 3945 1781 4039 mptum,
1814 3963 1900 4019 tunc
1925 3951 2139 4046 plerumque
2169 3959 2310 4021 seculae

285 4042 460 4119 aegrotis,
487 4033 570 4124 qui,
598 4036 743 4127 quando
766 4047 993 4124 tempestates
1015 4035 1155 4103 futurae
1177 4048 1272 4118 sunt,
1323 4057 1407 4115 sunt
1420 4040 1610 4120 horribiles
1627 4050 1754 4120 clades,

284 4131 405 4200 statim
429 4134 588 4202 sentiunt
610 4134 786 4204 maximos
806 4134 968 4216 dolores,
995 4134 1079 4226 quia
1098 4147 1183 4203 tunc
1205 4132 1271 4205 hu·
1424 4146 1487 4218 Vs.
1503 4148 1590 4221 477.
1614 4147 1850 4249 simulachra]
1876 4116 1999 4237 idest,
2019 4100 2171 4243 spectra.

285 4242 617 4303 mores'mutantur.
937 4332 947 4349 ·
1422 4250 1484 4321 Vs.
1500 4250 1586 4322 479.
1612 4251 1877 4352 Infandum-iu
1890 4268 1959 4340 es't,
1985 4252 2217 4351 horribiliter.

388 4332 450 4403 νε.
466 4331 553 4408 424.
579 4338 623 4408 Si
635 4328 729 4429 vero]
756 4332 990 4424 Prognostica
1013 4357 1033 4402 a
1056 4349 1094 4427 Θ
1112 4337 1207 4421 εἰ),
1234 4338 1271 4407 id
1321 4355 1405 4422 satu
1425 4346 1481 4447 m]
1507 4353 1655 4425 Neutra,

286 4444 350 4518 est,
378 4436 507 4507 exsule
525 4448 560 4506 et
573 4438 659 4507 luna
672 4435 799 4507 melius
812 4436 945 4528 poteris
961 4437 1166 4528 praedicere
1182 4453 1270 4510 tem·
1367 4430 1390 4516 ².
1421 4452 1483 4524 νε.
1498 4451 1585 4528 482.
1610 4454 1818 4556 Flauiorum]
1844 4456 2088 4539 Tribrachus,
2180 4458 2310 4526 Erida-

283 4549 451 4627 Pestates.
1321 4550 1401 4651 nus]
1427 4556 1562 4642 idest,
1594 4560 1712 4654 Pagus
1735 4564 1947 4648 exundavit,
1987 4579 2024 4635 et
2045 4584 2161 4632 secum
2182 4558 2314 4649 rapuit

385 4656 446 4730 Vs.
471 4657 558 4733 427.
592 4662 697 4729 Meno
721 4651 937 4755 ramenta]
970 4657 1125 4750 Quando
1149 4656 1175 4731 l)
1197 4659 1274 4752 pri·'
1322 4658 1439 4750 sylvas
1453 4652 1488 4729 et
1503 4685 1627 4754 pagos.

282 4785 383 4832 mum
405 4763 527 4854 prodit
550 4784 570 4830 a
597 4761 712 4845 coitu,
743 4760 774 4871 si
795 4783 929 4829 cornua
954 4773 1038 4830 sunt
1057 4774 1153 4846 atra,
1183 4775 1269 4831 tunc
1318 4814 1322 4821 .
1422 4777 1483 4851 Vs,
1497 4779 1584 4853 484,
1611 4779 1750 4880 pggm]
1776 4783 1936 4876 Antiquo
1952 4806 2053 4852 more
2071 4779 2311 4873 inspiciebam

282 4864 402 4953 pluvia
425 4865 545 4934 futura
571 4876 640 4943 est;
678 4864 707 4934 si
738 4864 888 4946 rubent,
931 4863 1030 4932 venti
1058 4876 1268 4956 sequuntur,
1322 4880 1428 4952 fibras
1445 4883 1491 4977 ιθ)
1516 4887 1705 4977 pecudum,
2161 4901 2164 4906 ·
2309 4902 2314 4916 ·

283 4966 367 5055 quia
389 4990 454 5055 per
476 4963 606 5036 halitus
628 4966 794 5036 sicciores
816 4977 851 5033 ct
874 4964 1031 5036 rariores
1053 4965 1187 5034 cornu‘a
1206 4989 1268 5056 ap-

280 5079 411 5153 parent
426 5070 553 5153 rubra,
579 5092 645 5161 per
667 5068 848 5138 densiores
873 5079 962 5136 atra.
1015 5066 1054 5135 Si
1076 5091 1163 5136 vero
1185 5090 1268 5136 can·
1358 5120 1402 5187 ¹⁶)
1438 5125 1507 5174 om
1531 5121 1563 5170 ,n
1587 5119 1708 5183 quarto]
1737 5116 1778 5167 ,fc
1801 5115 1850 5167 Et.
1875 5116 1966 5169 M,
1998 5115 2047 5167 Ed·
2072 5115 2212 5179 ww·
2238 5092 2312 5165 om·

282 5164 365 5233 dida
382 5168 533 5252 fuerint,
559 5183 643 5240 tunc
663 5169 835 5240 serenitas
852 5169 971 5237 futura
990 5180 1053 5238 est.
1389 5194 1506 5254 quarto.
1958 5153 1967 5180 ’

1352 5288 1402 5357 ’17)
1421 5291 1502 5344 cour.
1520 5289 1710 5354 virgultum
1729 5302 1780 5354 per
1791 5271 1885 5343 ‘amon
1903 5289 2032 5355 argeio,
2050 5288 2078 5337 u
2095 5287 2145 5337 ru
2165 5286 2308 5350 wagner.

286 5353 491 5367 “““”“““
1390 5360 1454 5435 Vol.
1469 5360 1490 5409 1.
1508 5373 1534 5422 p.
1551 5359 1625 5410 cvu
1636 5373 1695 5423 sqq.
1784 5365 1785 5370 ’

316 5459 364 5529 rs)
382 5462 473 5524 κυεῖν]
491 5461 534 5514 uc
550 5461 666 5526 suspen
689 5462 739 5513 ra.
757 5464 833 5517 issa.
850 5459 931 5516 aaa..
1356 5455 1403 5524 aa)
1422 5461 1522 5524 stru]
1539 5461 1568 5514 u
1585 5463 1635 5514 ra.
1650 5447 1725 5515 isia.
1746 5461 1835 5515 acen.
