4762 6008
100 281 178 360 nod
482 276 670 350 txxvut
723 272 1020 350 mulctato·
1040 270 1426 351 SENTENTIARUM
1452 268 1758 347 rnmotttnts.
2068 278 2143 352 106
2182 277 2185 281 ’

203 454 264 525 vs,
293 452 389 524 396„
410 474 413 479 ·
431 447 599 548 lunam]
635 446 671 525 aa
706 451 744 541 iq}
770 470 831 526 unt
847 447 943 547 qidpt
964 460 1025 544 qut
1049 471 1103 545 qes
1155 444 1245 517 nibil
1271 448 1340 519 nisi
1361 447 1484 516 odium
1510 468 1702 541 quaerere,
1728 448 1765 516 in
1787 447 2011 537 praefatione
2027 448 2150 541 lugur-

129 560 135 573 '
196 565 219 631 ',
295 576 299 583 ·
336 582 342 619 :
379 616 384 623 ,
498 556 517 611 ’.
1156 547 1247 620 tbini
1270 548 1420 642 belli⁸⁸).
1455 549 1552 640 Ergo
1569 550 1734 641 Apostoli
1750 561 1834 620 sunt
1849 552 2040 624 dementes.
2075 553 2148 624 Re·

194 656 270 727 ‘Vs
289 653 376 726 8972
426 654 524 727 Boni
556 676 657 726 meru
681 676 757 723 non
779 655 942 749 sequitur
965 648 1103 753 mala,]
1154 654 1318 745 sponsio:
1345 652 1428 723 Non
1453 654 1583 723 frustra
1607 653 1792 737 nituntur,
1819 654 1903 745 quia
1928 652 2026 726 Deus
2049 657 2150 728 iuvat

100 765 143 834 id·
163 775 236 843 est,
259 782 336 827 non
349 757 504 828 flectitur
522 760 568 827 ad
592 758 700 828 mala.
1156 778 1280 825 eorum
1297 756 1460 839 labores,
1485 767 1524 825 ut
1543 755 1721 849 aliquibus
1735 756 1896 847 prosint,
1920 759 2150 829 etiamsinon

136 890 166 921 ·=-
204 859 362 934 Vsdllss.
413 860 510 930 Boni
527 861 596 929 viri
611 873 665 931 est
685 860 786 929 'recte
800 859 894 927 serre
909 859 1101 928 secundam
1154 859 1341 940 omnibus,
1368 854 1775 928 ethabentmandatum
1792 857 1871 929 Dei.
1905 858 2057 930 Vocatio
2073 884 2149 931 non

104 980 141 1038 et
165 967 351 1037 adversam
374 964 572 1034 fortunam.
624 960 700 1031 lam
724 961 887 1055 sequitur
903 960 1101 1052 responsio.
1154 970 1208 1033 est
1226 962 1357 1030 fnestra
1381 960 1461 1032 niti.

120 1094 147 1119 ·-
204 1066 283 1139 Vos.
299 1065 375 1136 399
396 1090 477 1160 sqq.
500 1063 611 1136 XXV.
662 1062 759 1134 Laus
783 1062 939 1135 iustitiae
967 1075 1002 1132 et
1023 1087 1103 1132 mo·
1253 1061 1315 1132 Vs.
1338 1060 1426 1136 422.
1477 1060 1591 1131 Multa
1613 1084 1688 1130 non
1711 1066 1869 1133 curanda
1902 1089 2009 1136 curae
2030 1063 2146 1167 sunt]

104 1170 252 1243 deniae.
1152 1161 1399 1254 Reprehendit
1420 1163 1673 1236 curiositatem.
1716 1166 1879 1257 Apostoli
1909 1192 1984 1238 non
2011 1170 2149 1240 iaciunt

204 1272 267 1344 Vs.
290 1271 379 1342 599.
431 1269 599 1339 verearis
627 1268 783 1350 amicos,
800 1269 927 1360 tegito
945 1267 1100 1339 ''iniura-
1153 1267 1378 1351 curiositate,
1414 1269 1476 1338 sed
1496 1278 1674 1358 coguntur
1701 1270 1890 1339 vocatione
1918 1284 1953 1340 et
1974 1273 2147 1343 mandato

100 1387 246 1458 menta,
280 1368 481 1470 periuria,]
512 1372 562 1446 bit
588 1368 677 1446 &ott
698 1368 824 1465 littfft,
858 1394 951 1465 quae
982 1368 1101 1463 perdit
1153 1369 1233 1442 Dei.

99 1476 214 1547 viros.
265 1474 466 1545 Reverearc
481 1474 572 1542 iram
591 1473 766 1558 Deorum,
787 1497 924 1566 poenas
938 1472 1101 1565 periurii.
1253 1470 1331 1543 Vas.
1348 1469 1421 1544 421
1439 1510 1493 1526 -
1507 1468 1594 1545 424.
1648 1470 1846 1543 Multorum
1865 1470 2054 1547 bominum
2077 1477 2147 1546 lin·

93 1574 363 1673 Ἐντρέπεσθαι
390 1589 443 1647 est
463 1575 599 1657 vereri3
621 1577 669 1645 Ι1.
686 1572 850 1648 Corinth.
869 1575 907 1660 4,
932 1572 1100 1672 (14.)⁸').
1152 1573 1231 1665 gnis
1249 1575 1345 1644 fores
1361 1596 1436 1643 non
1452 1575 1597 1644 obditae
1612 1588 1696 1646 sunt
1711 1575 1984 1661 convenientes,
2007 1590 2041 1647 et
2062 1578 2147 1670 ipsis

99 1678 238 1751 Paulus
258 1680 373 1748 utitur
389 1678 496 1747 etiam
513 1675 583 1748 boc
597 1678 720 1750 verbo.
1152 1677 1265 1748 multa
1295 1701 1372 1746 non
1395 1680 1553 1747 curanda
1578 1701 1686 1748 curae
1717 1691 1812 1750 sunt.
1872 1679 1988 1772 Saepe
2009 1682 2145 1751 malum

203 1777 515 1853 vastat-405.
540 1781 625 1854 Non
638 1779 791 1851 nimium
806 1781 964 1853 lestines.
991 1776 1101 1851 'l'cm-
1152 1779 1249 1849 intus
1269 1780 1488 1872 repositum,
1514 1781 1643 1851 melius
1668 1777 1759 1878 est,]
1786 1783 1915 1867 idest,
1941 1784 2056 1853 multo
2073 1808 2147 1853 me·

99 1883 287 1977 pestivitas
311 1884 351 1952 in
372 1884 540 1957 omnibus
560 1897 614 1955 est
642 1885 781 1976 optima
806 1885 959 1977 negotiis
982 1876 1102 1953 homi·
1151 1883 1220 1953 lius
1235 1894 1287 1952 est
1302 1883 1427 1966 taceri,
1451 1885 1586 1954 malum
1601 1886 1692 1954 bene
1703 1884 1890 1956 conditum
1905 1909 1982 1956 non
1997 1910 2147 1955 moven-

99 2000 205 2058 no'rb.
263 1985 356 2056 Sane
378 1989 424 2056 ad
453 1988 652 2080 potentiam
675 1987 821 2059 festinat
843 1988 901 2057 vir
924 2008 1101 2083 quaerens
1151 1987 1250 2057 dum.
1308 1986 1391 2062 nat
1422 1985 1484 2080 bot
1516 1987 1579 2062 olle
1594 2020 1599 2031 ·
1612 1986 1679 2079 fcit
1711 1995 1802 2064 uos.
1860 1985 1924 2058 llla
1954 2001 2145 2081 praecepta

100 2088 263 2173 lucrumst,
296 2104 404 2183 quom
424 2090 542 2161 virum
565 2091 767 2182 praesciens
794 2093 908 2162 letum
934 2090 1035 2163 ducit
1049 2090 1100 2160 in'
1151 2085 1286 2159 habent
1299 2114 1382 2161 suas
1394 2101 1519 2162 metas.
1551 2090 1695 2162 Bonum
1710 2103 1764 2163 est
1777 2092 2046 2184 proferendum,
2070 2114 2146 2161 non

100 2186 272 2284 magnum
298 2215 460 2263 errorem
482 2206 520 2264 ct
542 2195 696 2278 malum,
729 2208 766 2266 ct
789 2196 877 2265 lacit
908 2195 941 2263 ei
971 2192 1100 2278 videri,
1155 2193 1304 2264 malum.
1930 2236 1939 2246 ·

101 2308 196 2389 quae¹
222 2308 328 2365 crant
351 2296 469 2379 mala,
494 2297 703 2368 bonaesse.
783 2336 786 2341 ·
1251 2293 1331 2366 Vss.
1348 2291 1425 2369 425
1441 2319 1520 2390 sqq.
1545 2293 1685 2367 XXVII.
1737 2293 1925 2387 Optimum
1944 2319 2018 2364 non
2036 2293 2146 2366 nasci.

128 2396 265 2471 ,ΨΥιῡ
282 2395 370 2469 406.
396 2393 587 2490 εὐμαρέως
612 2393 700 2492 etc]
731 2392 866 2484 'Quasi
887 2398 1000 2465 dicat:
1030 2396 1100 2466 Cu·
1254 2395 1465 2468 Communis
1489 2400 1633 2493 querela
1661 2400 1699 2468 in
1724 2398 1922 2469 multorum
1950 2396 2089 2490 scriptis
2111 2408 2148 2467 et

100 2498 236 2593 piditas
259 2511 384 2567 nostra
407 2510 462 2567 cst
488 2518 615 2578 causa,
639 2520 717 2565 non
745 2496 873 2567 iatum.
919 2495 1102 2569 'Nod''est
1152 2516 1258 2586 saepe
1276 2501 1448 2588 repetita,
1473 2527 1565 2592 quae
1590 2503 1765 2594 significat
1780 2500 2063 2592 magnitudinem
2079 2499 2147 2568 mi·

105 2601 263 2672 Stoicus.
1152 2597 1326 2666 seriarum
1358 2601 1496 2690 generis
1519 2598 1688 2688 humani,
1723 2628 1813 2698 quac
1842 2605 2003 2695 prolecto
2028 2600 2148 2671 maior

140 2724 144 2755 :
191 2700 266 2772 Ns.
280 2697 368 2771 407.
420 2699 492 2769 Ubi
509 2701 648 2784 errasti,
673 2711 734 2770 tua
751 2698 879 2769 electio
894 2711 948 2769 est
962 2695 1100 2797 causa]
1152 2710 1224 2782 cst,
1259 2723 1366 2793 quam
1392 2702 1543 2793 cogitari
1564 2718 1693 2795 potest.
1754 2705 1918 2775 Socrates
1939 2731 2019 2775 cum
2044 2704 2146 2774 audi-

99 2805 288 2877 Paris‘est
309 2824 415 2873 caiisa
439 2803 652 2874 calamitatis
679 2801 834 2887 Troiae,
871 2823 949 2871 non
972 2803 1100 2873 latum.
1152 2800 1260 2871 visset
1283 2803 1585 2896 recitari-primos
1609 2831 1733 2876 versus
1749 2807 1785 2874 in
1801 2807 1928 2877 Oreste
1945 2807 2145 2899 Euripidis:

214 2904 293 2976 Vss.
312 2902 389 2976 409
404 2930 462 3001 sq.
508 2904 658 2979 Nullum
681 2905 868 2976 meliorem
890 2899 1098 2976 thesaurum
1151 2903 1257 2974 Nulla
1281 2906 1465 2976 calamitas
1488 2907 1637 2999 cogitari
1654 2920 1794 3001 potest,
1825 2932 1917 3000 quae
1938 2932 2012 2976 non
2034 2908 2149 2999 possit

102 3009 284 3104 relinques
307 3009 390 3081 liliis
411 3009 562 3102 pudore.
662 3048 665 3061 =
1152 3007 1311 3077 accidere
1336 3005 1475 3077 bomini
1491 3008 1558 3105 ⁸⁰),
1585 3010 1687 3082 iussit
1704 3010 1965 3105 aliquantulum
1985 3012 2147 3082 resistere

203 3110 265 3183 Vt.
286 3108 374 3182 411.
424 3110 569 3183 Nullius
597 3110 756 3181 malitiae
780 3111 839 3180 vel
864 3111 1003 3204 peccati
1032 3105 1100 3179 bo·
1152 3121 1188 3178 ct
1199 3133 1273 3178 non
1287 3113 1523 3203 pronuntiare
1544 3113 1714 3197 ulterius,
1737 3115 1812 3206 ipse
1827 3113 1924 3183 stetit
1941 3114 2149 3206 cogitabun-

102 3213 243 3286 minum
265 3213 315 3286 sis
336 3213 452 3285 socius
461 3209 494 3312 ,]
520 3214 654 3299 idest,
679 3236 726 3284 ne
741 3215 983 3287 communices
1004 3212 1100 3285 vitiis
1152 3214 1238 3296 dus,
1264 3212 1412 3298 tacitus,
1446 3215 1606 3287 intentus
1627 3217 1666 3285 in
1692 3216 2015 3287 considerationem
2040 3215 2147 3288 istam

103 3330 306 3410 potentum.
449 3350 452 3355 ·
1099 3355 1105 3365 ·
1152 3317 1196 3385 dc
1216 3317 1464 3408 magnitudine
1479 3319 1705 3390 miseriarum
1723 3319 1861 3412 generis
1879 3315 2042 3390 humani.
2076 3318 2147 3388 Sed

207 3418 285 3493 Vss.
301 3417 378 3491 413
393 3444 472 3515 sqq.
496 3414 622 3490 xxvl.
663 3418 729 3490 'De
750 3416 931 3499 futilitate.
1152 3441 1219 3490 nos
1245 3414 1419 3492 habemus
1450 3446 1563 3493 unum
1600 3435 1872 3514 argumentum,
1913 3424 2011 3516 quod
2041 3422 2147 3512 longe

207 3521 268 3594 Vs.
279 3521 366 3595 41³.
386 3522 605 3595 Bibensnon
618 3518 1100 3621 inebriabor.]3nipqfite⁸⁷),
1152 3523 1264 3591 vincit
1286 3524 1408 3592 omnia
1436 3526 1541 3595 dicta.
1594 3524 1683 3595 Cum
1715 3525 1808 3594 {ilius
1831 3523 1899 3591 Dei
1924 3525 2000 3614 ipse
2023 3547 2148 3614 passus
2251 3576 2262 3604 f

101 3624 141 3694 id
163 3626 338 3710 cst-,uini
353 3627 456 3718 potio
472 3627 628 3717 largior,
653 3618 848 3724 saulque,
874 3627 958 3718 quia
979 3638 1101 3717 pectus
1152 3624 1198 3693 sit
1228 3648 1375 3706 necem,
1416 3638 1451 3693 et
1480 3628 1594 3696 lactus
1622 3627 1667 3697 sit
1697 3626 1894 3708 mediator,
1932 3640 2075 3721 necesse
2095 3636 2149 3694 est

100 3726 291 3813 turbatur,
323 3730 470 3820 spiritus
497 3730 788 3812 inflammantur,
821 3729 980 3800 actiones
1010 3729 1102 3795 liunt
1153 3748 1323 3816 magnum
1350 3726 1486 3796 malum
1510 3751 1605 3809 esse,
1636 3750 1657 3795 a
1683 3753 1755 3819 quo
1780 3726 1922 3796 liberati
1945 3752 2085 3808 sumus,
2112 3737 2149 3795 et

98 3829 290 3909 turbidae;
322 3830 385 3899 alii
405 3830 543 3903 ducunt
567 3858 588 3901 a
610 3831 837 3929 duipoeffl),
871 3830 908 3898 id
940 3839 1012 3909 est,
1036 3850 1103 3917 po·
1154 3838 1207 3896 est
1228 3825 1333 3896 nobis
1349 3850 1478 3918 magna
1497 3827 1707 3899 consolatio.

98 3931 240 4003 culum.
1253 3926 1364 3998 Estne
1378 3928 1510 4000 dictum
1530 3930 1569 3999 in
1585 3928 1740 4000 Ecclesia
1764 3929 2009 4021 probandum:
2043 3926 2150 4020 Opti·

208 4027 533 4104 valta-416.
580 4032 705 4139 Neque
720 4034 844 4103 vinum
859 4056 918 4100 me
939 4031 1102 4114 adducet,
1154 4056 1253 4101 mum
1288 4055 1363 4100 non
1393 4032 1518 4102 nasci?
1569 4033 1674 4116 Non,
1701 4033 1784 4127 quia
1811 4033 2041 4102 dictumest:
2079 4030 2146 4100 Hic

99 4148 146 4208 nt
167 4133 285 4205 dicam
311 4144 415 4204 atrox
433 4135 583 4204 verbum
605 4138 649 4205 de
672 4149 717 4206 te.
769 4130 869 4207 Nihil
887 4156 1033 4226 possum
1047 4135 1103 4203 in·
1154 4146 1206 4205 cst
1228 4133 1320 4205 filius
1352 4160 1452 4207 meus
1482 4134 1629 4206 dilectus
1659 4149 1724 4206 etc.
1736 4135 1796 4228 ⁴i).
1849 4135 2006 4226 Propter
2032 4133 2148 4203 filium

102 4238 229 4309 venire
252 4234 369 4306 simile
390 4260 585 4331 quaerens,
611 4251 651 4309 ut
674 4239 810 4309 socium
831 4238 986 4306 fidelem.
1155 4249 1269 4306 totum
1301 4261 1412 4329 genus
1440 4235 1639 4309 humanum
1670 4238 1798 4308 melius
1831 4250 1883 4307 est
1914 4262 1987 4307 esse
2008 4250 2148 4306 natum.

206 4339 267 4411 Vs.
291 4336 378 4411 417.
429 4339 563 4412 Valens
601 4343 647 4410 ad
677 4341 833 4432 lapidem
864 4336 1021 4434 Lydium
1056 4338 1103 4408 ad
1153 4338 1261 4410 Pater
1284 4340 1322 4408 in
1345 4341 1408 4409 illo
1429 4341 1503 4410 blio
1529 4340 1741 4436 acquiescit,
1776 4339 1813 4408 in
1835 4340 1901 4410 ista
1930 4353 2057 4409 natura
2082 4333 2149 4407 hu·

101 4442 358 4537 probationem
393 4439 562 4542 atteror.]
612 4436 790 4527 Bdooroc
820 4443 996 4537 significat
1017 4464 1103 4534 pro·
1154 4466 1283 4527 mana,
1309 4464 1385 4512 non
1398 4443 1513 4514 voluit
1537 4443 1645 4512 aliam
1663 4455 1863 4513 creaturam
1880 4464 2013 4512 creare.
2053 4440 2149 4510 Con·

103 4546 289 4617 bationcm
316 4558 352 4614 et
375 4545 493 4639 ipsum
517 4546 686 4638 lapidem.
1155 4544 1246 4614 didit
1270 4547 1431 4631 coelum,
1457 4546 1623 4640 angelos,
1656 4547 1818 4616 nondum
1842 4545 1926 4615 satis
1952 4555 2022 4622 est;
2064 4565 2149 4610 con·

206 4648 267 4720 Vs.
285 4645 374 4721 418.
426 4644 641 4746 Superior,]
668 4650 794 4730 idest,
819 4647 969 4718 cautior.
999 4670 1003 4703 ῑ
1155 4646 1246 4717 didit
1271 4646 1463 4734 animalia,
1490 4652 1551 4721 sed
1575 4653 1737 4720 nondum
1761 4648 1863 4727 satis3
1890 4647 1953 4716 sed
1977 4666 2056 4713 cum
2082 4636 2150 4711 bo·

209 4749 288 4824 Vsa.
304 4749 380 4823 419
395 4777 449 4846 sq.
502 4749 616 4820 Multa
637 4774 696 4819 me
724 4749 1104 4841 intelligentemprac·
1154 4750 1288 4819 minem
1311 4752 1489 4836 condidit,
1515 4751 1705 4847 acquievit.
1757 4749 1951 4843 Quomodo
1967 4742 2151 4838 aquievit?

104 4864 273 4936 tercunt,
306 4855 367 4926 scd
400 4877 596 4946 agnoscens
631 4876 749 4923 meam
786 4845 1102 4947 imbecillitatem]
1154 4854 1305 4925 laetatus
1331 4868 1384 4926 est
1405 4856 1444 4924 in
1457 4855 1519 4925 illo
1537 4879 1658 4949 opere.
1709 4850 1908 4923 irascamur
1925 4859 2069 4918 nostrae
2093 4870 2150 4919 so·

99 4955 311 5030 Sallustius:
336 4956 528 5028 Extremae
543 4955 744 5028 dementiae
767 4968 819 5028 cst
832 4957 963 5027 frustra
986 4953 1054 5025 niti
1069 4965 1106 5022 et

1188 5122 1236 5190 ⁸8)
1257 5123 1371 5176 sallust.
1389 5123 1457 5173 Bell.
1474 5123 1597 5186 lognrtb.
1615 5135 1637 5172 o.
1655 5121 1693 5182 8.,
1710 5121 1754 5171 obt
1773 5123 1839 5172 heco
1856 5120 2002 5186 leguntur:
2031 5122 2151 5173 rmum
2280 5144 2283 5149 ·

1224 5199 1314 5244 auten
1333 5192 1403 5254 otti,
1427 5204 1516 5253 neque
1537 5191 1612 5242 ettad
1643 5190 1786 5256 cstigando
1810 5189 1865 5241 nist
1889 5190 1978 5242 odttm
2005 5201 2151 5254 quaerere,

138 5227 190 5296 κ)
208 5231 231 5283 t.
244 5228 367 5282 conntlr.
380 5231 407 5295 4,
424 5227 514 5294 (tell
531 5227 573 5279 elo
589 5227 709 5291 scripula
724 5226 775 5276 rt.
790 5225 869 5277 tm.
888 5227 911 5274 t.
924 5221 1050 5277 corinth.
1060 5223 1086 5274 t.
1225 5266 1365 5313 extrem
1382 5259 1535 5310 demum,
1552 5262 1605 5310 m

139 5305 498 5451 annapaaeqqcpffl·
515 5314 540 5365 a
562 5314 581 5367 t.
599 5323 654 5364 aar
672 5312 754 5363 aetat
770 5312 822 5363 aaa
837 5312 942 5377 suus,
961 5310 1011 5362 sea
1027 5308 1105 5362 var·
1128 5422 1134 5481 ι
1189 5366 1239 5426 ⁸⁹)
1254 5361 1349 5425 nutp.
1369 5362 1463 5414 om
1479 5360 1505 5413 a
1523 5360 1550 5411 ⁸.

136 5488 214 5554 aas)
230 5486 337 5557 aeae]
352 5487 424 5539 nno
441 5464 536 5539 inan
552 5483 581 5535 n
601 5484 687 5536 ιω.
707 5492 751 5547 gr.
767 5492 823 5534 aaa
842 5480 944 5533 amana.
1128 5484 1136 5520 ι
1190 5470 1241 5530 ⁴⁰)
1259 5465 1356 5518 mter.
1373 5464 1408 5525 ⁸2
1427 5463 1460 5515 ¹⁷
