4762 6008
170 259 220 331 69

171 431 275 502 Tunc
290 430 481 523 praecipue
496 432 637 501 secedas
651 430 745 499 intra
761 441 795 498 te
810 429 946 522 ipsum,
970 455 1049 501 cum
1068 454 1104 502 es
1118 432 1156 503 in

171 535 296 617 turba,
321 533 358 602 id
375 545 445 617 est,
466 532 547 630 bob
562 533 632 627 od>t
647 530 800 625 cultoris
815 532 994 608 blastum
1007 537 1088 609 tete.

276 651 424 723 Vss.37.
453 652 514 724 88.
537 649 742 746 Aliquando
766 652 861 722 dices
877 678 934 722 me
958 654 1050 722 bene
1073 676 1156 722 con·

173 756 286 828 sulere
300 749 436 850 amico]
464 754 500 822 id
517 767 588 838 est,
614 778 696 846 ages
712 749 801 822 mibi
818 755 950 844 gratias
965 779 1032 846 pro
1054 778 1156 846 prae-

175 870 292 948 cepto;
318 857 349 928 si
371 856 650 947 obtemperabis,
676 857 882 948 sscomperies
903 856 940 925 in
967 868 1095 926 eventu
1118 857 1155 925 in

174 960 276 1030 rebus
294 958 397 1050 ipsis,
424 981 497 1028 esse
513 958 668 1028 salutare
682 970 923 1048 praeceptum.

272 1075 519 1147 consideratio
535 1086 605 1157 est,
630 1097 722 1167 quae
742 1090 930 1167 praecepta
951 1075 1006 1144 vel
1032 1076 1156 1145 admo·

170 1180 325 1250 nitiones
353 1179 400 1246 ad
430 1199 520 1270 quas
548 1175 696 1246 virtutes
725 1178 781 1245 vel
805 1178 926 1248 titulos
949 1178 1154 1246 referendae

170 1283 261 1366 sint,
295 1280 369 1347 imo
391 1280 487 1348 unde
506 1278 679 1369 petendae
701 1278 773 1348 sint
795 1280 1018 1350 definitiones
1043 1279 1154 1350 virtu·

171 1398 268 1465 turn,
294 1379 458 1449 videlicet
473 1403 514 1448 ex
529 1377 720 1470 Decalogo.

273 1498 393 1568 Homo
424 1497 530 1566 etiam
555 1512 674 1569 motus
698 1510 733 1567 et
754 1512 870 1588 gestus
891 1524 1014 1593 regere
1038 1503 1153 1584 debet,

171 1616 212 1671 nt
235 1601 348 1669 vitare
375 1600 494 1692 aliquo
520 1602 629 1670 modo
659 1599 873 1670 offensiones
901 1605 1032 1693 possit,
1069 1605 1153 1698 quia

172 1726 295 1771 omnes
315 1702 427 1769 vitare
450 1724 524 1769 non
548 1714 683 1793 potest,
714 1705 812 1794 quod
834 1703 1006 1776 iniustitia
1028 1705 1154 1774 evertit

169 1806 286 1874 urbes.

213 1903 395 1975 Iniustitia
411 1904 538 1973 evertit
554 1904 671 1975 nrbes.

221 2006 357 2077 Omnes
385 2001 548 2076 homines
571 2030 784 2100 quocunque
808 2018 967 2098 tempore
993 2021 1076 2079 sunt
1101 2008 1153 2076 in-

284 2107 379 2179 iusti.

218 2209 312 2302 Ergo
328 2209 488 2303 quotidie
504 2221 619 2280 essent
633 2209 844 2278 evertendae
859 2210 974 2281 urbes.

270 2312 484 2403 Respondeo
500 2313 545 2380 ad
555 2310 745 2379 Maiorem:
763 2308 937 2381 Iniustitia
954 2312 1081 2381 evertit
1096 2336 1153 2381 ur·

169 2417 254 2498 bes,
286 2413 461 2482 iniustitia
482 2413 614 2480 scilicet
636 2411 1026 2497 atrocium,scelerum,
1059 2429 1155 2486 totntt

170 2523 272 2590 tttottss
287 2534 326 2604 311
342 2513 409 2582 siet
424 2509 540 2601 modyl.
597 2509 695 2576 Deus
718 2508 803 2573 dicit
826 2509 863 2574 in
877 2510 1058 2599 Amos”):
1088 2513 1155 2580 Pe-

171 2615 271 2707 perci
285 2611 350 2682 tibi
365 2611 474 2682 semel
491 2622 598 2702 atque
612 2609 763 2686 iterum,
787 2608 893 2677 tertio
907 2632 982 2677 non
998 2633 1154 2702 parcam.

273 2732 348 2802 Nos
363 2753 486 2799 omnes
499 2723 672 2797 habemus
692 2725 803 2795 multa
825 2740 989 2818 peccata,
1022 2742 1058 2797 et
1081 2755 1154 2798 me-

171 2855 358 2904 rueramus
381 2853 534 2922 poenam
558 2842 594 2897 et
614 2839 788 2912 mortem,
822 2841 856 2896 et
877 2823 1049 2900 habemus
1070 2855 1155 2922 poe-

172 2959 248 3007 nas.
298 2934 369 3003 Sed
385 2944 507 3001 tamen
523 2930 621 3001 Deus
643 2928 775 3020 parcit,
811 2942 852 2998 ut
874 2930 986 3023 aliqui
1007 2935 1155 3002 redeant

174 3039 220 3106 ad
238 3034 517 3128 poenitentiam,
555 3046 595 3102 ut
625 3031 737 3124 aliqui
768 3044 1040 3117 convertantur,
1072 3035 1154 3104 ideo

173 3140 291 3210 differt
305 3158 451 3229 poenas.
501 3135 679 3205 Arborem
694 3132 824 3201 malam
840 3146 875 3202 et
889 3133 1043 3203 sterilem
1058 3134 1156 3206 Deus

173 3265 247 3311 non
262 3241 360 3309 iubet
375 3237 577 3320 eradicare,
601 3238 664 3306 sed
681 3247 864 3326 expectare
881 3258 1015 3304 annum
1035 3238 1155 3322 istum,

175 3362 253 3414 cum
268 3344 358 3411 feret
370 3340 517 3434 aliquid.
568 3337 665 3409 Deus
689 3349 836 3430 propter
849 3335 1042 3407 Ecclesiam
1065 3364 1155 3410 sem·

176 3469 239 3536 per
254 3444 393 3537 aliquos
406 3454 542 3526 servat,
565 3440 655 3511 sicut
667 3450 814 3531 propter
832 3462 965 3531 paucos
986 3453 1063 3509 erat
1084 3466 1156 3512 ser·

175 3558 321 3617 vaturus
337 3544 505 3616 Sodoma.
557 3543 625 3613 Sed
640 3544 783 3635 quando
800 3553 851 3611 est
865 3541 1050 3626 atrocitas,
1072 3555 1156 3614 tunc

83 3641 94 3651 ’
173 3648 272 3718 venit
287 3662 415 3740 poena.
467 3646 621 3739 Quando
635 3655 718 3716 sunt
733 3665 861 3734 magna
884 3643 1009 3712 delicta
1033 3657 1068 3713 et
1090 3646 1156 3713 im-

174 3751 320 3843 punita,
353 3762 438 3820 tunc
459 3748 608 3819 veniunt
628 3767 777 3838 poenae.
835 3742 929 3815 Nam
945 3745 1080 3814 atrocia
1097 3749 1157 3814 de-

174 3853 255 3921 lleta
270 3851 470 3942 puniuntur
483 3848 661 3919 atrocibus
676 3845 802 3939 poenis
817 3845 855 3913 in
871 3841 940 3914 hac
955 3847 1040 3912 vita.

231 3963 335 4037 OEov'
355 3963 450 4059 ἀνὴρ
465 3963 570 4056 ῥέξει,
596 3967 701 4035 τοῖον
714 3960 813 4041 τέλος
829 3956 947 4032 αὐτὸν
962 3953 1091 4032 ἱκάνει.

174 4083 238 4153 Est
266 4083 400 4150 dictum
446 4082 490 4148 de
536 4078 736 4162 atrocibus,
787 4090 822 4145 et
859 4075 992 4147 dictum
1030 4089 1081 4146 est
1113 4077 1156 4144 de

175 4185 308 4256 iustitia
326 4196 359 4250 et
377 4181 548 4250 iniustitia
569 4179 685 4264 civili,
712 4192 747 4248 et
769 4180 813 4248 de
837 4179 962 4270 poenis
985 4178 1155 4248 civilibus.

175 4288 247 4380 Qui
260 4275 463 4354 nonhabet
482 4281 654 4352 iustitiam
680 4281 902 4349 obedientiae
924 4280 980 4347 vel
1004 4279 1156 4369 discipli-

175 4413 242 4458 nae
257 4386 390 4467 civilis,
412 4385 525 4454 multo
548 4383 667 4453 minus
691 4379 798 4452 habet
817 4380 1037 4472 spiritualem
1058 4382 1157 4451 iusti-

174 4491 273 4561 tiam.
339 4487 412 4579 Qui
431 4487 517 4556 facit
538 4496 740 4576 peccatum,
777 4484 907 4553 scilicet
927 4496 1049 4553 contra
1074 4507 1157 4551 con-

176 4591 379 4671 scientiam,
405 4589 464 4657 ille
482 4612 523 4656 ex
537 4584 680 4656 diabolo
696 4598 761 4666 est,
785 4585 904 4677 inquit
914 4586 1087 4676 scriptura
1097 4583 1155 4675 ²⁹).

175 4693 257 4764 Ideo
272 4692 381 4762 etiam
393 4691 507 4761 utitur
523 4690 630 4757 verbo
646 4688 762 4783 facere
777 4686 815 4754 in
829 4686 897 4755 isto
912 4685 1005 4755 loco.

276 4795 411 4863 Totum
432 4814 541 4883 genus
564 4785 761 4860 humanum
784 4786 896 4857 estin
919 4787 1090 4876 peccatis,
1123 4799 1157 4854 et

180 4907 298 4965 tamen
318 4895 414 4965 Deus
437 4891 570 4983 colligit
591 4888 803 4971 Ecclesiam,
843 4899 878 4955 et
908 4889 1052 4981 quando
1082 4912 1156 4956 non

178 4994 376 5089 puniuntur
392 4995 527 5065 atrocia
542 4992 692 5074 scelera,
728 5000 934 5066 evertuntur
955 5002 1050 5059 totae
1074 5013 1156 5079 gen-

178 5112 232 5169 tes
247 5111 282 5166 et
298 5098 526 5191 respublicae.
577 5090 849 5163 Lacedaemonii
871 5112 946 5159 non
969 5092 1158 5161 voluerunt

179 5252 382 5266 *-

212 5333 261 5399 28)
278 5335 358 5386 llurto
374 5332 466 5382 locum
483 5328 511 5378 In
531 5330 630 5377 dnoso
647 5335 702 5375 non
719 5323 820 5377 Inveni,

213 5437 263 5497 2⁹)
282 5438 307 5488 1.
326 5435 381 5486 Iolt.
397 5433 426 5514 d,
441 5433 469 5485 8.

542 257 727 330 LXXVIII.
777 255 1066 329 EXPLICA'I'IO
1098 258 1482 335 SENTENTIARUM
1514 263 1820 345 THEOGNIDIS.

1661 96 1670 102 ιι
1707 92 1775 108 ...ῤ’
1790 83 1806 89 .-

2143 284 2195 356 70

1207 433 1334 525 punire
1366 435 1605 520 nebulonem,
1646 439 1708 531 qui
1742 454 1967 536 stupraverat
1997 449 2087 521 filias
2111 451 2193 523 Sce-

1207 536 1303 619 dasi,
1344 535 1395 607 ibi
1415 537 1493 628 ipso
1516 536 1556 606 in
1577 539 1657 608 Ioco
1688 541 1773 612 victi
1797 558 1880 615 sunt
1908 548 1982 618 acie
2013 549 2191 624 Lacedae-

1206 637 1332 720 monii,
1347 637 1586 710 etamiserunt
1600 640 1814 730 libertatem,
1829 647 1908 717 etin
1919 651 2124 724 servitutem
2133 681 2192 726 ve·

1206 751 1395 810 nerunt-et
1416 741 1522 832 plane
1547 742 1788 819 conciderunt.
1831 749 1939 822 Post
1961 756 2095 824 atrocia
2119 781 2192 827 sce·

1205 842 1279 911 Iera
1296 840 1446 911 veniunt
1458 843 1593 928 furiae,
1617 843 1814 942 Erinnyes,
1838 852 1900 944 qui
1916 855 2105 946 impellunt
2126 854 2192 928 bo-

1206 942 1333 1026 mines,
1358 956 1398 1013 ut
1413 940 1596 1015 attrahant
1609 970 1755 1037 poenas,
1781 964 1911 1022 utnon
1931 957 2069 1047 possint
2092 960 2191 1052 qnie-

1205 1069 1314 1116 scere.
1364 1043 1419 1119 Ec
1434 1046 1526 1118 lilius
1550 1046 1621 1116 Dei
1640 1049 1825 1148 inquit⁸⁸):
1861 1055 1934 1147 Qui
1953 1058 2110 1149 gladium
2134 1084 2191 1131 ac·

1206 1146 1356 1239 ceperit,
1383 1158 1448 1216 etc.

1256 1248 1330 1341 Qui
1345 1247 1501 1337 gladium
1519 1251 1712 1341 acceperit,
1738 1255 1856 1344 gladio
1873 1258 2015 1348 peribit.

1255 1351 1369 1439 Reges
1385 1350 1564 1441 accipiunt
1578 1352 1747 1441 gladium.

1253 1451 1349 1541 Ergo
1366 1451 1484 1542 gladio
1503 1454 1682 1543 peribunt.

1254 1550 1258 1556 ’
1306 1553 1520 1645 Respondeo
1536 1555 1582 1622 ad
1596 1555 1789 1625 Maiorem:
1823 1556 1897 1649 Qui
1915 1560 2071 1649 gladium
2094 1591 2190 1638 acce·

1205 1653 1317 1746 perit,
1343 1655 1476 1724 scilicet
1491 1679 1565 1724 non
1580 1658 1702 1727 datum
1725 1682 1745 1726 a
1771 1659 1926 1749 legibus,
1961 1665 2023 1755 qui
2043 1667 2110 1759 ipsi
2132 1693 2190 1739 ra·

1205 1755 1309 1847 piunt
1331 1780 1396 1825 suo
1422 1757 1592 1841 arbitrio,
1625 1783 1700 1827 non
1724 1761 1846 1829 datum
1870 1784 1890 1829 a
1913 1761 2062 1854 legibus.
2124 1766 2192 1841 Est

1206 1882 1275 1926 vox
1292 1857 1413 1926 divina
1428 1859 1535 1927 etiam
1557 1860 1600 1929 de
1624 1859 1757 1930 iustitia
1783 1862 1879 1930 civili
1901 1864 1937 1931 in
1960 1877 2036 1937 toto
2060 1893 2188 1959 genere

1205 1954 1376 2029 humano.
1426 1959 1500 2051 Qui
1513 1961 1687 2053 acceperit
1703 1963 1871 2053 gladium.
1909 1965 1968 2036 Sic
1982 1969 2089 2039 etiam
2105 1995 2190 2042 con·

1206 2062 1370 2131 cionatur
1384 2062 1488 2133 nobis
1501 2087 1565 2155 per
1581 2082 1736 2155 poenas,
1761 2064 1851 2135 sicut
1868 2069 2101 2141 concionatur
2124 2098 2189 2164 per

1205 2187 1327 2234 vocem
1350 2187 1472 2247 suam,
1505 2165 1586 2258 quia
1612 2189 1795 2258 nunquam
1819 2168 1968 2239 audietis
1992 2168 2189 2244 homicidas

1205 2265 1351 2358 impune
1367 2269 1536 2349 evadere,
1567 2268 1629 2338 sed
1652 2263 1783 2336 attrahi
1806 2268 2028 2342 mirabilibus
2052 2275 2190 2347 casibus

1206 2370 1249 2435 ad
1267 2392 1412 2460 poenas.
1463 2367 1584 2460 Quare
1600 2368 1697 2440 Deus
1719 2370 1779 2438 illa
1801 2370 1943 2439 servat?
1996 2374 2089 2466 Quia
2113 2377 2190 2446 vult
2311 2374 2315 2379 ’

1206 2470 1368 2556 agnosci,
1394 2470 1509 2562 qualis
1522 2472 1567 2540 sit
1585 2471 1677 2562 ipse,
1702 2485 1743 2541 ut
1765 2485 1977 2560 agnoscatur
1999 2477 2192 2546 discrimen

1206 2566 1359 2635 iustitiae
1376 2583 1411 2636 et
1431 2570 1637 2657 iniustitiae,
1659 2584 1694 2641 et
1716 2573 1814 2667 quod
1837 2573 1912 2664 ipse
1937 2575 1982 2644 sit
2004 2577 2129 2661 iustus,
2156 2592 2192 2647 et

1207 2669 1303 2759 quod
1318 2680 1439 2757 postea
1458 2673 1504 2740 sit
1516 2674 1675 2743 futurum
1690 2674 1889 2746 universale
1910 2675 2102 2762 iudicium,
2127 2679 2192 2748 ubi

1205 2769 1401 2860 punientur
1417 2770 1477 2838 illa
1494 2772 1645 2857 iniusta,
1672 2798 1763 2867 quae
1783 2770 1936 2844 hicnon
1957 2792 2040 2849 sunt
2052 2779 2191 2872 punita.

1205 2869 1256 2937 Ut
1271 2866 1379 2939 chaos
1389 2872 1628 2956 diabolorum,
1652 2873 1762 2956 Nero,
1779 2875 2131 2964 interfecitPaqum,
2156 2893 2192 2950 et

1205 2970 1367 3062 sequenti
1398 2994 1494 3040 anno
1522 2997 1558 3043 se
1586 2974 1703 3062 ipsum
1732 2975 1926 3057 interfecit,
1965 2992 2042 3047 erat
2061 3004 2192 3070 poena,

1206 3073 1268 3142 sed
1298 3085 1419 3140 tamen
1448 3084 1572 3164 postea
1604 3074 1773 3165 punietur
1799 3074 1836 3142 in
1858 3077 1959 3144 omni
1980 3081 2191 3151 aeternitate

1206 3186 1354 3265 propter
1369 3173 1480 3242 multa
1495 3198 1556 3244 sua
1572 3176 1715 3246 scelera.
1766 3175 1937 3247 Salomon
1953 3180 2110 3277 dicit⁸¹):
2136 3180 2193 3253 lu·

1206 3274 1302 3345 stitia
1317 3275 1495 3346 stabilitur
1508 3270 1670 3347 thronus.
1694 3275 1772 3346 Hoc
1785 3278 1862 3347 vult
1874 3281 1991 3350 dicere
1999 3278 2193 3375 Theognis.

1308 3408 1369 3481 Vs.
1386 3410 1448 3483 59.
1474 3410 1604 3504 Cyrne,
1626 3411 1692 3481 ista
1709 3412 1832 3482 civitas
1849 3426 1901 3483 est
1915 3414 2094 3513 gravida,]
2115 3417 2195 3509 beili

1207 3511 1290 3606 nicht
1303 3511 1398 3604 parit
1413 3525 1475 3583 aut
1489 3513 1662 3603 concepit.
1688 3512 1770 3583 Duo
1784 3526 1867 3583 sunt
1878 3518 1986 3585 verba
2001 3518 2040 3585 in
2050 3518 2193 3589 Psalmo
2308 3568 2312 3581 .

1206 3615 1376 3684 Miserere
1386 3614 1450 3706 8²):
1486 3609 1588 3687 κύειν
1611 3609 1675 3685 καὶ
1694 3614 1894 3707 rendist).
1948 3612 2070 3689 Κίσσα
2086 3619 2194 3709 signi-

1207 3717 1289 3785 licat
1303 3716 1342 3782 in
1357 3715 1512 3805 gravidis
1535 3714 1791 3805 appetitionem
1814 3716 2069 3789 inordinatam.
2120 3720 2194 3790 Vo.

1208 3825 1309 3881 catur
1324 3814 1421 3904 pica,
1447 3833 1541 3886 menn
1557 3813 1598 3903 lle
1616 3812 1678 3900 tut
1692 3816 1796 3903 tuter
1808 3814 1929 3906 [ettam
1942 3816 2035 3911 tuing
2048 3840 2087 3913 go
2103 3818 2194 3913 effer.

1207 3916 1352 3984 Κισσᾶν
1373 3913 1547 4002 significat
1569 3913 1822 4003 appetitionem
1840 3915 1878 3981 in
1896 3931 2078 4008 conceptu.
2129 3921 2194 3993 Est

1207 4014 1304 4083 bono
1320 4014 1428 4082 verbo
1446 4037 1529 4083 usus
1546 4012 1585 4082 in
1600 4013 1754 4086 Psalmo.
1813 4015 2001 4106 Significat.
2017 4019 2115 4090 illam
2138 4024 2193 4093 in-

1208 4112 1411 4185 ordinatam
1437 4114 1693 4206 appetitionem
1719 4138 1792 4187 esse
1811 4119 2025 4190 transfusam
2050 4123 2090 4192 in
2114 4149 2192 4197 nos.

1206 4216 1283 4285 Hoc
1316 4216 1394 4286 vult
1424 4215 1560 4285 dicere:
1603 4215 1710 4288 Tales
1744 4216 1939 4309 gignimus,
1977 4212 2097 4315 quales
2125 4251 2191 4298 nos

1206 4341 1339 4389 sumus.

1306 4450 1367 4522 Vs.
1382 4450 1443 4522 40.
1477 4450 1733 4543 Castigatorem
1757 4461 1901 4525 nostrae
1933 4460 2191 4544 contumaciae,

1207 4549 1456 4648 petulantiae,]
1481 4549 1603 4650 ὕβρις,
1626 4554 1737 4638 idest,
1762 4557 1871 4645 Stet,
1897 4569 2088 4628 estnomen
2105 4583 2189 4628 con·

1207 4654 1520 4726 venientissimum.
1586 4655 1715 4726 Graeci
1737 4651 1871 4727 habent
1891 4660 1962 4728 duo
1983 4681 2111 4749 genera
2134 4660 2190 4727 in-

1207 4756 1392 4826 iuriarum.
1457 4755 1658 4825 Petulantia
1682 4769 1733 4829 est
1752 4758 1790 4826 in
1809 4758 2021 4838 levioribus;
2063 4771 2188 4830 contu·

1240 5084 1518 5149 attrectasse.

1240 5172 1289 5233 st)
1306 5171 1387 5222 Prov.
1400 5170 1444 5234 2⁵,
1461 5170 1487 5218 s.

1240 5256 1289 5324 82)
1307 5256 1407 5307 Pselm.
1420 5254 1465 5304 nt.
1483 5252 1526 5317 (tn
1544 5251 1633 5306 LXX.
1651 5253 1679 5302 ot
1696 5250 1778 5315 vulg.
1797 5250 1899 5306 I’saIn.
1915 5251 1970 5316 Ia).

1245 5359 1296 5418 ss)
1313 5358 1416 5409 vasen
1430 5351 1553 5428 aqum,
1565 5354 1593 5404 n
1611 5352 1713 5407 enta.
1724 5355 1769 5417 st,
1784 5355 1809 5406 ⁷.
1837 5356 1922 5406 axx.
1941 5358 2052 5409 unone
2067 5357 2195 5423 terame

1281 5439 1333 5491 μι,
1359 5425 1541 5487 symmetra
1559 5417 1658 5484 tedred
1671 5436 1715 5490 pe.

1621 5488 1678 5562 5.
