4762 6008
57 237 135 319 226
478 229 647 307 LXXXII.
700 228 1095 306 INTERPRETATIO
1128 226 1421 313 PYTlllOltUM
1456 225 1663 302 PlNDARl.
2009 236 2085 308 226

58 409 246 502 templum.
305 405 441 479 Aderat
462 419 589 476 autem·
605 430 805 497 purpureus
832 429 917 495 grex
932 399 1048 471 ‘l’hra-
1072 429 1076 489 ᾗ
1102 403 1196 471 viros
1223 402 1493 471 interfecerunt:
1535 400 1596 472 ubi
1619 415 1653 471 et
1679 399 1834 471 vestibus
1855 401 1981 470 donati
2002 417 2086 473 sunt

59 513 199 582 ciorum
214 511 348 593 houm,
378 523 415 580 et
427 520 505 578 erat
518 508 569 577 ibi
583 507 755 577 divinitus
778 531 861 575 arae
883 505 1050 576 latitudo.
1072 496 1077 627 Ι
1100 517 1181 594 post
1196 503 1411 586 certamina,
1444 500 1535 594 (scr.
1552 504 1629 598 12.)
1655 517 1690 572 et
1710 504 1979 573 concubuerunt
2005 528 2084 574 cum

56 615 242 693 Accessuri
262 613 358 682 enim
374 610 585 703 periculum,
606 602 1048 701 precabantur'dominum
1073 636 1076 725 Ι
1100 604 1258 676 Lemniis
1275 603 1495 676 mulieribus.
1547 605 1650 675 Tunc
1666 629 1752 675 vero
1769 605 1807 673 in
1832 604 1957 675 alienis
1982 606 2085 677 terris

58 715 229 798 navium,
256 715 348 809 (Str.
365 714 442 808 10.)
464 724 506 783 ut
522 711 718 802 effugerent
741 723 880 780 motum
907 711 1052 800 insupe·
1073 730 1076 771 i
1101 703 1310 778 inchoatum
1328 720 1381 779 est
1395 708 1480 776 ielix
1495 731 1605 798 genus
1623 719 1793 778 vestrum.
1831 706 1924 780 Nam
1940 703 2084 799 Euphe-

58 817 225 888 rabilem.
277 815 391 885 Erant
411 827 531 885 autem
547 815 638 884 duae
665 813 766 883 vivae
789 824 930 904 petrae,
957 835 1049 906 quae
1101 834 1180 880 mus
1196 809 1246 879 ibi
1263 835 1305 881 ex
1319 805 1485 879 Malacha
1502 810 1626 901 genuit
1639 809 1771 893 hlium,
1791 832 1811 877 a
1829 834 1901 903 quo
1918 810 2085 902 deinceps

60 917 211 989 celerius
226 918 465 987 movebantur
481 940 590 1010 quam
605 915 716 984 venti.
1102 911 1172 980 orti
1194 924 1277 981 sunt
1299 912 1379 995 alii,
1420 924 1455 980 et
1487 912 1589 981 mixti
1607 910 1917 983 Lacedaemoniis:
1960 925 2087 1005 postea

165 1020 236 1090 Sed
256 1019 328 1088 iam
351 1018 534 1111 navigatio
549 1016 841 1107 Argonautarum
863 1015 945 1083 fecit
970 1013 1050 1084 illos
1101 1013 1302 1103 migrarunt
1324 1015 1362 1081 in
1385 1013 1538 1085 insulam
1561 1009 1739 1093 Theram,
1775 1014 1831 1083 cui
1862 1015 1930 1084 luit
1951 1039 2086 1084 nomen

58 1121 227 1211 scopulos
250 1121 441 1192 consistere
465 1118 679 1188 immobiles.
731 1116 871 1186 Deinde
895 1119 940 1185 ad
955 1111 1048 1186 Pha-
1101 1114 1258 1188 Callista.
1326 1114 1413 1185 lnde
1440 1117 1542 1186 vobis
1564 1116 1663 1186 dedit
1681 1115 1820 1208 Apollo¹
1838 1140 2006 1208 campum
2025 1115 2086 1185 Li-

60 1222 119 1294 sin
134 1236 375 1305 accesserunt,
408 1223 472 1293 ubi
486 1221 662 1292 terribiles
677 1215 829 1289 Colchos
843 1218 880 1286 vi
896 1218 1048 1310 aggressi
1101 1218 1203 1311 byae,
1230 1231 1265 1288 et
1272 1217 1350 1290 Deo
1367 1217 1512 1289 iuvante
1528 1243 1657 1310 augere
1674 1232 1709 1288 et
1723 1242 1846 1309 regere
1855 1217 2018 1311 Cyrenen
2025 1218 2086 1313 ¹¹),

60 1336 148 1395 sunt
171 1326 266 1416 apud
283 1325 446 1395 Aeetam.
506 1322 627 1393 Venus
651 1334 771 1393 autem
793 1321 912 1390 attulit
934 1332 1050 1389 mota·
1073 1326 1077 1357 ¹
1101 1316 1202 1410 (Aac.
1219 1322 1295 1414 12.)
1322 1334 1513 1415 postquam
1530 1321 1715 1392 invenistis
1732 1333 1897 1390 eventum
1913 1320 2086 1391 vaticinii.

61 1424 182 1495 cillam
199 1427 243 1495 de
259 1427 377 1508 coelo,
403 1425 578 1496 inclusam
601 1437 702 1493 rotae
722 1419 870 1492 habenti
894 1362 1077 1517 quatuor·
1202 1424 1297 1494 Audi
1313 1448 1408 1494 nunc
1425 1423 1557 1515 Oedipi
1569 1424 1794 1516 sapientiam.
1834 1421 1872 1492 si
1889 1424 1968 1518 quis
1982 1438 2088 1494 acuta

59 1527 205 1609 radios,
231 1524 332 1617 (Aut.
351 1526 428 1622 10.)
454 1526 734 1609 fascinatricem,
766 1539 801 1595 et
821 1526 944 1595 docuit
956 1522 1051 1595 laso-
1101 1526 1216 1597 securi
1238 1550 1389 1616 magnac
1414 1550 1565 1618 quercus
1586 1550 1705 1595 ramos
1729 1537 1909 1617 amputet,
1948 1539 1983 1596 et
2008 1528 2087 1617 pul·

59 1653 146 1699 nem
169 1628 447 1712 incantationes,
472 1640 513 1698 ut
526 1629 673 1719 Medeae
698 1626 867 1698 eximeret
886 1650 1050 1697 reveren·
1102 1622 1226 1697 claram
1239 1629 1392 1720 speciem
1409 1628 1484 1699 eius
1498 1630 1691 1712 deformet,
1717 1650 1937 1721 quamquam
1952 1630 2087 1698 fruetus

59 1730 152 1802 tiam
177 1741 390 1821 parentum,
422 1742 457 1800 et
479 1731 631 1824 expetita
649 1730 812 1801 Graecia'
825 1754 903 1800 eam
930 1730 1050 1799 incen-
1102 1730 1240 1811 amisit,
1279 1743 1401 1800 tamen
1430 1731 1510 1801 usui
1539 1755 1614 1801 esse
1644 1743 1761 1822 potest
1787 1730 1844 1798 vel
1862 1729 1901 1798 in
1922 1726 2085 1824 hyberno

64 1856 141 1903 sam
168 1830 400 1923 persuasione
431 1845 597 1903 verteret.
662 1834 715 1902 Ac
739 1832 865 1902 Medea
890 1832 1051 1902 celeriter
1101 1836 1202 1924 igne,
1236 1834 1292 1902 vel
1317 1858 1398 1903 cum
1421 1833 1461 1901 lit
1481 1833 1592 1902 limen
1615 1834 1742 1902 fultum
1764 1833 1939 1903 columnis
1959 1832 2085 1902 relicto

64 1934 153 2004 fines
173 1945 408 2025 paternorum
429 1934 664 2005 certaminum
693 1935 866 2018 ostendit,
909 1947 944 2004 et
970 1935 1049 2003 oleo
1101 1935 1179 2005 solo
1193 1959 1271 2005 suo.
1323 1933 1403 2026 (Ep.
1423 1935 1501 2031 12.)
1526 1934 1574 2005 Es
1592 1947 1711 2003 autem
1733 1934 1892 2005 medicus
1913 1948 2087 2029 opportu-

65 2034 216 2108 miscens
228 2038 386 2107 remedia
400 2039 567 2109 dolorum
585 2038 700 2121 dedit,
734 2050 773 2107 ut
789 2049 983 2128 ungeretur
997 2034 1051 2105 la·
1101 2037 1287 2121 nissimus,
1312 2050 1347 2107 et
1367 2039 1499 2129 Apollo
1524 2050 1559 2107 te
1588 2033 1755 2108 honorat.
1808 2036 1963 2128 Oportet
1983 2038 2087 2107 molli

66 2160 149 2208 son:
177 2151 212 2209 ct
225 2140 321 2230 pacti
335 2154 417 2211 sunt
434 2141 528 2212 inter
543 2165 617 2212 sese
632 2141 788 2233 nuptias.
1102 2163 1211 2209 manu
1237 2142 1402 2224 admota,
1440 2141 1588 2210 vulnera
1610 2138 1738 2209 ulceris
1762 2163 1902 2211 sanare.
1966 2139 2086 2210 Facile

167 2242 248 2336 (Ep.
269 2244 345 2338 10.)
379 2242 469 2313 Cum
497 2244 605 2335 igitur
625 2243 753 2313 Aeetes
775 2240 1048 2311 adamantinum
1101 2253 1154 2312 est
1175 2243 1271 2311 enim
1295 2241 1475 2313 civitatem
1493 2254 1681 2312 concutere
1710 2242 1818 2311 etiam
1834 2241 2086 2322 imbecilliora

65 2356 224 2413 aratrum
252 2344 291 2412 in
322 2347 479 2414 medium
511 2345 718 2424 collocavit,
753 2356 789 2411 et
810 2355 952 2421 tauros,
988 2341 1051 2433 qui
1101 2345 1164 2412 scd
1179 2367 1302 2413 rursus
1319 2345 1493 2414 collocare
1510 2346 1548 2415 in
1572 2368 1672 2416 suam
1694 2345 1836 2429 sedem,
1868 2344 2010 2416 difficile
2033 2356 2087 2415 cst

65 2443 226 2514 llammas
240 2468 261 2512 a
277 2445 380 2514 flavis
396 2446 543 2513 naribus
555 2443 760 2532 spirabant,
787 2454 823 2509 et
847 2441 965 2510 aeneis
984 2463 1051 2509 un·
1102 2442 1239 2523 subito,
1262 2444 1331 2512 nisi
1347 2444 1445 2516 Deus
1461 2447 1507 2516 sit
1520 2449 1737 2538 gubernator
1751 2446 1969 2539 principum.
2014 2443 2086 2516 lsta

65 2546 155 2637 gulis
176 2559 311 2615 terram
335 2546 507 2626 arabant,
532 2545 628 2614 solus
649 2544 698 2614 eis
723 2542 844 2633 iugum
868 2541 1052 2633 imposuit,
1102 2555 1221 2614 autem
1255 2543 1321 2612 tibi
1353 2542 1514 2617 Charites
1548 2562 1683 2620 texunt.
1756 2548 1941 2620 Sustinens
1977 2547 2085 2638 igitur

64 2660 97 2717 ct
113 2657 233 2717 rectos
248 2646 364 2716 sulcos
383 2646 533 2729 faciens,
567 2668 628 2716 eos
650 2644 741 2735 egit,
775 2657 810 2713 et
833 2644 946 2714 secuit
967 2645 1051 2713 dor·
1102 2669 1245 2714 omnem
1264 2669 1386 2715 curam
1404 2647 1496 2716 circa
1513 2648 1696 2742 Cyrenen,
1723 2652 1814 2747 (Str.
1831 2650 1908 2746 13.)
1925 2647 1994 2721 hoc
2009 2648 2086 2720 Ho-

63 2773 140 2819 sum
159 2759 277 2815 terrae
294 2749 448 2817 sulcatae
463 2772 529 2839 per
545 2748 728 2837 iugerum
754 2759 789 2815 et
803 2746 892 2814 dixit
904 2746 1048 2816 Aeetes:
1100 2749 1273 2818 mericum
1296 2749 1403 2818 etiam
1429 2750 1588 2842 cogitans
1611 2748 1703 2821 mihi
1725 2753 1928 2835 concedito,
1964 2753 2027 2846 qui
2036 2751 2085 2847 ¹⁸)

64 2848 140 2919 lloc
168 2847 198 2918 si
227 2848 351 2917 fecerit
371 2846 495 2931 lason,
536 2851 676 2918 auferat
701 2847 792 2940 (Str.
811 2847 889 2941 11.)
919 2848 1047 2939 pellem
1101 2849 1170 2919 ait:
1196 2848 1320 2921 Bonus
1336 2847 1675 2923 nuntiushonorem
1699 2876 1871 2945 magnum
1896 2852 2000 2921 affert
2023 2879 2085 2921 ne-

64 2946 252 3020 babentem
274 2974 401 3023 aureas
417 2953 587 3023 fimbrias.
1027 2984 1031 2993 ·
1099 2953 1211 3043 gotio.
1262 2952 1397 3025 Crescit
1408 2953 1512 3024 Musa
1530 2980 1593 3046 per
1608 2957 1745 3026 bonum
1762 2966 1893 3024 vatem.
2064 3022 2068 3029 .

163 3051 260 3120 llaec
294 3077 375 3121 cum
404 3054 548 3125 dixisset
578 3078 641 3122 rex
668 3050 873 3134 Colchicus,
920 3049 1048 3120 abiecit
1200 3054 1312 3126 Novit
1326 3055 1464 3148 Cyrene
1479 3070 1513 3126 et
1527 3056 1626 3127 Batti
1639 3058 1768 3127 domus
1781 3055 1911 3128 iustam
1928 3067 2086 3149 mentem

64 3176 223 3225 croceam
240 3166 374 3225 vestem
389 3153 514 3239 lason,
541 3168 576 3224 et
585 3156 663 3224 Deo
682 3157 883 3235 confidens,
909 3176 1048 3243 aggres·
1098 3153 1325 3249 Damophili,
1366 3158 1429 3252 qui
1460 3171 1511 3229 est
1542 3158 1636 3229 inter
1666 3159 1825 3230 iuniores
1856 3158 2014 3242 iuvenis,
2045 3156 2084 3225 in

62 3280 121 3327 sus
137 3268 189 3325 est
206 3279 314 3347 opus;
335 3281 401 3326 nec
416 3258 508 3349 ignis
526 3283 606 3328 eum
624 3259 812 3339 turbabat,
838 3255 922 3351 quia
940 3267 1048 3324 norat
1099 3258 1255 3333 consiliis
1276 3285 1361 3330 vero
1385 3285 1513 3342 senex,
1548 3274 1587 3332 ut
1609 3283 1676 3354 par
1700 3261 1745 3335 sit
1767 3261 1819 3344 ei,
1853 3260 1916 3353 qui
1941 3273 2085 3331 centum

54 3370 250 3449 praecepta
280 3357 442 3431 Medeae.
521 3357 687 3431 Trahens
720 3372 840 3430 autem
873 3371 1046 3442 aratrum,
1098 3386 1213 3433 annos
1233 3362 1333 3435 vixit.
1400 3364 1553 3457 Separat
1573 3362 1859 3433 maledicentiam
1886 3386 1907 3449 a
1932 3361 2084 3441 candida

60 3459 184 3551 ligavit
199 3460 290 3531 colla
312 3462 421 3532 boum
446 3477 568 3534 coacta
593 3463 700 3545 loris,
732 3475 766 3533 et
787 3462 936 3552 infigens
959 3460 1046 3528 vali·
1070 3464 1074 3577 )
1099 3489 1185 3534 voce
1200 3489 1282 3544 sua;
1308 3465 1433 3537 didicit
1453 3467 1569 3537 odisse
1591 3464 1763 3549 iniustos,
1796 3462 1898 3557 (Ant.
1918 3465 1994 3558 13.)
2019 3488 2085 3532 nec

59 3562 147 3632 dum
170 3562 353 3634 stimulum
378 3567 517 3656 magnis
540 3566 727 3645 lateribus,
759 3567 876 3634 aravit
897 3565 1046 3632 manda·
1069 3598 1073 3683 p
1096 3567 1213 3655 litigat
1228 3593 1308 3637 cum
1324 3567 1447 3636 bonis:
1473 3592 1549 3637 non
1567 3581 1619 3639 est
1635 3579 1820 3648 contator,
1847 3565 1931 3658 quia
1951 3589 2083 3658 oppor-

58 3676 137 3735 tum
160 3665 327 3756 spatium.
390 3668 537 3739 Gemuit
558 3693 621 3738 rex
644 3662 830 3737 Colchicus
850 3666 959 3733 tacito
983 3668 1046 3732 do·
1070 3692 1074 3757 ς
1098 3668 1231 3737 tunitas
1261 3669 1359 3757 apud
1386 3664 1551 3737 homines
1581 3664 1793 3736 nonhabet
1821 3668 1929 3756 longa
1955 3666 2083 3758 spatia.

56 3766 154 3849 lore,
185 3766 356 3838 virtutem
382 3769 452 3838 viri
475 3770 670 3840 admirans.
730 3767 830 3861 (Aac.
849 3767 926 3858 11.)
950 3762 1047 3833 Socii
1070 3760 1075 3879 ξ
1097 3767 1199 3835 llauc
1220 3778 1314 3837 recte
1334 3767 1456 3850 novit,
1490 3780 1525 3836 et
1547 3769 1708 3863 sequitur
1729 3780 1771 3838 ut
1791 3766 1975 3851 minister,
2007 3790 2083 3837 non

56 3880 181 3941 autem
197 3867 278 3937 viro
293 3869 380 3937 lorti
402 3894 531 3941 manus
554 3870 808 3960 porrigebant,
842 3879 877 3935 et
904 3863 1046 3933 coronis
1070 3884 1074 3937 t
1098 3881 1138 3939 ut
1152 3868 1306 3959 fugator.
1358 3868 1471 3940 Aiunt
1490 3881 1607 3939 autem
1630 3869 1730 3941 triste
1752 3865 1823 3938 hoc
1848 3893 1938 3940 esse:
1972 3868 2083 3957 scien-

56 3965 243 4043 hcrbaceis
267 3971 491 4039 coronabant
509 3994 612 4051 eum,
651 3982 687 4037 et
709 3969 850 4039 blandis
872 3964 1047 4037 sermoni·
1070 3942 1074 4033 Ι
1098 3981 1170 4041 tem
1191 3971 1308 4053 bona,
1348 3971 1398 4042 eis
1420 3972 1493 4041 frui
1519 3995 1595 4041 non
1620 3996 1737 4064 posse.
1802 3970 1855 4041 Ut
1874 3970 1976 4043 Atlas
2001 3996 2081 4042 cum

55 4072 125 4147 bns
138 4093 223 4141 eum
244 4070 466 4143 recreabant.
811 4128 815 4135 .
1097 4074 1196 4143 coelo
1227 4075 1401 4157 luctatur,
1443 4076 1614 4166 procula
1646 4073 1761 4166 patria
1785 4086 1880 4144 terra
1908 4085 1943 4144 et
1968 4097 1988 4142 a
2010 4074 2082 4146 suis

159 4170 260 4243 Diris
276 4185 397 4243 autem
418 4198 481 4245 rex
496 4168 702 4255 Colchicus,
736 4171 796 4241 ubi
818 4169 1046 4259 splendidum
1070 4240 1074 4287 Ι
1097 4177 1213 4249 rebus.
1255 4175 1370 4244 Solvit
1387 4187 1504 4245 autem
1520 4188 1555 4245 et
1570 4176 1720 4248 Titanas
1736 4173 1882 4269 Iupiter.
1922 4175 2082 4271 Tempus

54 4277 170 4347 vellus
198 4277 434 4366 suspenderat
463 4272 638 4354 Phrixus;
679 4272 904 4344 existimabat
936 4272 1046 4355 enim,
1070 4292 1073 4313 ¹
1098 4277 1202 4346 affert
1241 4277 1459 4349 mutationes
1495 4278 1685 4361 velorum,
1733 4291 1888 4351 cessante
1923 4282 2078 4351 secundo

57 4403 143 4449 eum
157 4402 231 4447 non
248 4402 352 4469 posse
370 4379 523 4462 auferre,
550 4377 634 4471 quia
650 4376 790 4445 iacebat
803 4376 842 4444 in
853 4373 959 4458 saltu,
983 4375 1046 4445 ubi
1099 4392 1217 4451 vento,
1258 4380 1338 4474 (Ep.
1360 4380 1437 4477 13.)
1463 4378 1551 4451 Post
1565 4368 1805 4472 perniciosum
1818 4382 1984 4453 morbum
2001 4396 2078 4452 tan.

56 4478 379 4573 vehementissimis
420 4482 519 4571 genis
561 4479 726 4549 draconis
768 4477 1045 4559 custodiebatur,
1069 4524 1072 4575 i
1097 4485 1179 4552 dem
1196 4494 1297 4573 optat
1313 4483 1470 4553 reditum
1486 4479 1743 4576 Demophilus,
1774 4495 1809 4552 et
1829 4484 1874 4552 ad
1889 4483 1980 4554 Solis
2001 4485 2080 4552 ion-

53 4584 122 4678 qui
139 4582 362 4673 longitudine
380 4594 415 4651 et
427 4582 616 4671 latitudine
638 4581 761 4650 navim
785 4578 1045 4675 quinquaginta
1096 4597 1169 4656 tem
1185 4608 1311 4655 curare
1333 4584 1518 4669 convivia,
1544 4598 1638 4657 etse
1661 4580 1879 4669 exhilarare,
1912 4598 1947 4655 et
1970 4580 2079 4651 citha-

52 4709 243 4757 remorum
259 4698 470 4777 occuparet,
498 4708 589 4779 quae
605 4685 700 4752 ferro
716 4684 886 4751 fabricata
904 4693 1005 4751 esset.
1097 4712 1174 4757 ram
1192 4687 1287 4757 inter
1310 4686 1404 4759 cives
1424 4686 1463 4756 in
1486 4711 1573 4778 pace
1597 4700 1760 4778 tangere;
1794 4700 1829 4755 et
1849 4709 1913 4754 nec
1938 4686 2078 4780 laedere

163 4782 244 4875 (Bp.
262 4784 339 4882 11.)
365 4786 531 4878 Longum
546 4782 638 4853 mihi
654 4798 705 4854 est
723 4784 841 4852 redire
861 4806 926 4874 per
948 4782 1044 4850 viam
1097 4790 1206 4872 alios,
1232 4813 1297 4857 nec
1319 4788 1415 4859 laedi
1438 4814 1459 4859 a
1481 4789 1632 4869 civibus;
1668 4802 1702 4858 et
1724 4812 1872 4857 narrare
1886 4784 2080 4863 Arcesilao,

49 4908 253 4967 curruum,
291 4910 333 4957 ac
353 4902 493 4982 tempus
519 4901 633 4980 urget.
696 4886 792 4959 Novi
818 4886 983 4978 equidem
1011 4896 1046 4953 et
1097 4894 1239 4988 qualem
1257 4893 1393 4961 iontem
1409 4892 1608 4963 carminum
1622 4884 1815 4985 repererit,
1842 4913 1920 4956 cum
1936 4888 1975 4955 in
1992 4887 2079 4958 urbe

51 4994 208 5063 bmvem
226 4986 344 5072 viam,
366 5007 402 5062 et
424 4992 503 5063 aliis
524 5017 604 5063 sum
630 4991 756 5059 doctor
778 4983 884 5058 huius
907 4986 1046 5076 sapien·
1097 4992 1272 5066 Thebana
1291 4990 1420 5087 hospes
1437 4994 1515 5065 fuit.

52 5094 142 5165 riae.
194 5087 377 5162 Interiecit
395 5092 499 5167 lason
522 5107 598 5163 arte
621 5094 837 5171 draconem,
870 5112 892 5157 o
907 5084 1046 5156 Arcesi-
1099 5156 1159 5167 .,.

52 5196 134 5278 ba,
160 5202 196 5261 et
212 5192 655 5281 clamabduxitMedeam,
671 5191 906 5285 quaePcliam
923 5199 1046 5309 postea
1132 5250 1180 5317 ¹²)
1198 5250 1345 5313 cmm]
1362 5247 1405 5297 nc
1421 5247 1448 5296 h·
1462 5245 1479 5293 Ι·
1497 5243 1527 5291 st
1538 5240 1567 5290 m
1584 5252 1661 5302 „w
1675 5240 1727 5294 rt.
1741 5240 1834 5302 ¹550&
1860 5242 1911 5294 Ed·
1925 5242 2001 5295 m·
2021 5241 2081 5305 cy,

54 5294 249 5367 interleeit.
316 5297 363 5369 Et
383 5300 422 5371 in
443 5299 589 5369 Oceano
611 5309 649 5365 et
671 5295 710 5363 in
741 5295 852 5365 rubro
875 5316 968 5363 marr
992 5291 1047 5363 lu·
1121 5331 1267 5369 ..ranan

54 5408 184 5483 erunt,
210 5408 246 5468 el
266 5397 306 5467 in
329 5416 434 5495 gente
449 5398 683 5471 bemniarum
707 5396 919 5481 mulierum,
953 5416 1045 5489 quae
1133 5410 1494 5481 rr)qut]nc1tc.taa8.;
1523 5410 1575 5461 aa.
1591 5411 1666 5463 caca.
1686 5410 1756 5477 quta.

102 5512 284 5577 uriom
301 5518 407 5583 oren
438 5517 524 5581 Vos..
539 5514 628 5578 XlX.
1511 5476 1559 5551 15
