4762 6008
202 279 278 365 216
778 280 902 355 PHIL.
937 281 1050 354 Mttl..
1084 279 1285 353 SCRIPTA
1319 275 1655 352 PHILOLOGICA.
2150 272 2227 346 216

126 454 132 465 ’
203 472 257 530 tes
273 466 309 525 ct
323 452 542 546 eloquentes.
593 449 670 542 Ego
693 463 810 521 autem
835 454 1043 524 laudaturus
1060 453 1187 524 Hiero-
1239 452 1331 524 Nam
1357 454 1464 544 longa
1491 448 1657 522 saturitas
1683 443 1849 514 obtundit
1868 441 1997 510 celeres
2016 441 2150 512 civium
2170 469 2230 514 co-

203 583 309 643 nem,
348 578 453 647 spero
478 576 537 623 me
566 552 730 644 sagittam
751 577 826 622 non
849 550 1039 624 habentem
1062 579 1189 627 aeneas
1240 554 1448 646 gitationes,
1480 566 1516 622 et
1541 552 1633 621 cives
1652 572 1727 617 non
1747 546 1898 614 libenter
1918 543 2071 614 audiunt
2095 545 2231 620 alienas

205 685 314 754 genas
328 657 566 728 iaculatorum
586 678 680 738 esse,
714 665 749 723 ct
772 656 958 728 iacientem
982 659 1108 750 procul
1132 683 1190 731 su·
1240 659 1373 727 laudes.
1416 656 1485 727 Sed
1499 666 1620 723 tamen
1634 650 1761 719 melior
1775 660 1827 718 est
1840 646 2068 717 miseratione
2082 647 2231 721 invidia.

204 775 415 857 paraturum
431 781 504 827 esse
522 756 755 827 adversarios.
1241 759 1301 829 Tu
1320 783 1405 828 vero
1426 782 1471 827 ne
1491 755 1653 826 remittas
1671 749 1839 832 honesta,
1868 750 1962 819 iusto
1983 748 2084 819 clavo
2105 753 2233 842 guber-

310 861 457 931 Utinam
481 859 582 927 omni
606 871 766 950 tempore
786 859 869 928 felix
891 861 937 931 sit
961 861 1117 946 Hieron,
1157 874 1192 930 et
1243 886 1305 931 nes
1331 862 1543 942 exercitum,
1582 870 1617 926 et
1641 855 1799 945 linguam
1827 875 1912 920 acue
1939 851 1977 918 in
2003 850 2132 923 incude
2156 879 2234 925 non
2332 942 2338 949 ἰ

208 962 461 1042 sinetristitia;
496 959 596 1052 (Aac.
612 961 666 1056 5.)
691 973 726 1029 et
741 962 890 1052 cogitet,
918 965 1039 1057 quales
1054 988 1192 1056 pugnas
1243 963 1397 1032 fallente.
1450 956 1619 1057 (Aeta)
1645 958 1737 1029 Nam
1759 955 1787 1025 si
1809 953 1896 1047 quid
1915 965 2019 1045 turpe
2041 978 2062 1023 a
2082 968 2117 1025 te
2136 957 2236 1027 effla·

209 1064 417 1140 sustinuerit
434 1063 520 1133 forti
545 1062 688 1146 animo,
723 1066 870 1156 quando
896 1063 1027 1135 auxilio
1048 1065 1115 1135 Dei
1140 1067 1193 1134 in·
1245 1065 1361 1148 bitur,
1386 1063 1518 1155 passim
1540 1060 1819 1130 circumferetur.
1871 1055 2069 1126 Multorum
2084 1082 2121 1129 es
2135 1059 2237 1151 prin·

210 1177 388 1240 venerunt
409 1161 606 1247 honorem,
639 1165 779 1259 qualem
804 1191 911 1236 nemo
934 1169 1024 1239 alius
1039 1168 1194 1239 Graeco·
1246 1193 1343 1260 ceps:
1375 1165 1479 1236 multi
1499 1176 1604 1233 testes
1624 1174 1707 1232 sunt
1726 1163 1770 1229 de
1791 1153 1949 1228 honestis
1970 1170 2005 1226 et
2024 1154 2235 1247 inhonestis,

210 1296 293 1343 rum
316 1266 510 1359 decerpsit,
548 1275 584 1334 et
603 1290 752 1357 magnas
774 1268 930 1341 divitias.
979 1268 1087 1342 Nunc
1109 1265 1196 1341 Phi·
1247 1293 1289 1339 sc
1313 1268 1344 1340 si
1368 1266 1542 1338 manseris
1567 1264 1605 1335 in
1630 1263 1791 1334 moribus
1816 1254 1994 1344 honestis,
2023 1273 2061 1331 ct
2078 1261 2237 1335 iucunda

209 1377 361 1444 loctetae
383 1393 485 1439 more
507 1367 601 1438 bello
624 1369 804 1454 interfuit,
845 1385 880 1441 et
903 1368 1015 1443 hostis
1041 1386 1196 1457 coactus,
1245 1373 1342 1443 fama
1361 1369 1564 1455 delectaris,
1590 1368 1637 1439 sis
1657 1365 1824 1436 liberalis.
1877 1362 1997 1455 thue
2017 1366 2238 1455 gubernator

213 1496 432 1571 quamquam
449 1470 718 1561 magnanimus,
743 1485 864 1543 tamen
880 1475 912 1544 ei
928 1474 1109 1548 blanditus
1133 1487 1196 1547 est.
1247 1473 1349 1544 navis
1370 1473 1537 1564 expandit
1558 1471 1656 1553 vela,
1682 1494 1727 1537 ne
1748 1467 1871 1536 dolose
1890 1467 2028 1556 pandas
2044 1468 2122 1536 vela
2135 1469 2239 1537 blan·

211 1578 323 1649 Fama
348 1586 421 1657 est,
451 1569 580 1642 heroas
612 1573 748 1644 venisse
780 1575 818 1644 in
841 1574 1018 1646 Lemnum
1042 1580 1086 1648 ad
1110 1575 1197 1649 Phi·
1249 1578 1302 1647 dis
1321 1576 1447 1660 lucris,
1474 1574 1555 1667 quia
1571 1574 1666 1642 fama
1683 1580 1929 1663 postmortem
1944 1572 2027 1658 (Ep.
2045 1565 2100 1666 5.)
2121 1583 2240 1642 osten·

211 1680 378 1753 loctetem
400 1675 519 1745 ulcere
547 1688 810 1765 aegrotantem,
847 1676 925 1775 (Ep.
948 1676 1002 1776 δ.)
1027 1680 1198 1757 Poeantis
1249 1678 1304 1749 dit
1331 1702 1452 1750 mores
1479 1688 1729 1758 mortuorum,
1761 1696 1825 1764 per
1855 1682 2017 1742 oratores
2044 1685 2080 1742 et
2100 1678 2238 1766 poetbt'.

212 1782 346 1865 filium,
370 1789 412 1849 ut
430 1801 510 1847 eum
526 1776 762 1862 abducerent,
786 1781 847 1874 qui
857 1780 1007 1852 Troiam
1024 1785 1137 1876 cepit,
1164 1796 1199 1853 et
1250 1783 1333 1854 Non
1355 1779 1574 1870 extinguitur
1598 1776 1721 1848 Croesi
1743 1774 1899 1847 benefica
1923 1772 2053 1855 virtum
2078 1776 2141 1847 sed
2160 1799 2238 1848 sae-

215 1882 332 1955 finivit
348 1880 489 1951 labores
504 1878 660 1964 Danais,
687 1904 907 1976 quamquam
924 1907 1031 1976 aegro
1047 1908 1199 1979 corpore
1251 1909 1336 1955 vum
1353 1883 1514 1952 animum
1531 1876 1745 1962 Phalaridis,
1772 1876 1833 1970 qui
1849 1875 1888 1944 in
1904 1899 2014 1953 aeneo
2029 1888 2133 1947 tauro
2147 1876 2238 1949 ussit

215 1985 432 2079 procedens,
458 1982 543 2077 quia
570 1983 677 2053 fatale
700 1997 796 2068 erat,
828 1983 991 2057 Herculis
1013 1988 1091 2060 telis
1106 1989 1200 2058 Tro·
1251 1983 1435 2069 homines,
1467 1983 1601 2078 ubique
1626 1981 1818 2052 comitatur
1837 1978 1985 2047 infamia
1994 1990 2009 2059 ς’
2035 2000 2102 2049 nec
2125 1976 2240 2049 citha-

216 2088 290 2157 iam
315 2085 406 2177 capi.
458 2084 516 2154 Sic
536 2083 633 2156 Deus
660 2088 759 2156 adest
781 2086 932 2157 llieroni
956 2092 1201 2175 confirmator,
1252 2114 1313 2159 rae
1336 2088 1549 2158 domesticae
1574 2086 1752 2177 recipiunt
1776 2107 1857 2152 eum
1876 2083 1922 2148 ad
1938 2093 2076 2171 gratam
2092 2105 2241 2152 conver-

218 2189 331 2284 quiet
346 2187 512 2277 deinceps
529 2188 589 2255 det
605 2188 638 2255 ei
653 2201 786 2280 optata.
1253 2191 1428 2261 sationem
1451 2189 1641 2260 sodalium.
1698 2184 1784 2256 Esse
1808 2187 2051 2268 fortunatum,
2082 2185 2242 2277 primum

322 2286 495 2371 OMusa,
528 2287 616 2358 velis
637 2301 671 2358 et
693 2293 789 2383 apud
812 2292 1061 2378 Dinomenen,
1089 2295 1201 2365 filium
1254 2293 1453 2386 praemium
1473 2304 1541 2371 est;
1567 2291 1786 2369 bonafama,
1811 2288 2024 2367 secundum;
2051 2287 2109 2358 cni
2122 2300 2241 2358 autem

217 2391 406 2473 Hieronis,
431 2412 559 2459 sonare
579 2394 779 2484 praemium
803 2386 1077 2490 quadrigarum,
1104 2397 1203 2467 laeti·
1254 2409 1446 2492 utrumque
1483 2393 1677 2485 contingit,
1718 2391 1747 2460 is
1778 2413 1950 2459 coronam
1978 2413 2157 2460 summam
2188 2413 2244 2459 ac·

217 2495 307 2566 tiam
323 2516 399 2562 non
416 2491 569 2560 alienam
593 2516 613 2561 a
637 2496 748 2585 patris
771 2498 933 2570 victoria.
984 2499 1113 2571 Postea
1134 2501 1204 2591 ipsi
1255 2496 1358 2593 cepit.
2138 2475 2159 2496 ⁰¹

217 2593 415 2668 Dinomeni
445 2616 613 2665 canemus
632 2590 830 2689 hymnum,
871 2598 963 2695 (scr.
978 2600 1032 2699 4.)
1059 2601 1118 2671 cui
1142 2626 1203 2672 ur·

217 2701 299 2770 hem
324 2697 422 2765 illam
443 2695 580 2765 Hieron
603 2699 763 2771 condidit
785 2727 864 2772 cum
887 2703 1071 2789 libertate,
1105 2703 1202 2774 iuxta
1663 2698 1755 2784 (lde
1785 2700 1840 2780 Π.

216 2801 314 2892 leges
346 2821 497 2867 normae
520 2798 730 2891 Spartanae.
794 2801 986 2898 Pamphyli
1014 2818 1133 2876 autem
1169 2819 1204 2876 et

218 2901 491 2973 Heraclidarum
516 2904 670 2992 posteri,
702 2899 905 2978 habitantes
928 2911 972 2976 ad
988 2908 1204 3000 Taygetum,
2105 2968 2110 2977 .

218 3027 359 3096 semper
373 3002 499 3072 volunt
512 3027 658 3075 manere
674 3004 712 3075 in
732 3007 869 3099 legibus
884 3008 1036 3098 Aegimii
1051 3008 1204 3080 Dorien-
1357 3007 1450 3093 (Str.
1463 3002 1513 3100 1.)
1541 2999 1575 3070 O
1591 3000 1675 3070 urbs
1691 2999 1934 3093 Syracusana,
1959 2992 2132 3089 templum
2145 2994 2246 3064 Mar·

218 3106 285 3190 sis,
329 3117 365 3174 et
397 3118 590 3176 tenuerunt
621 3105 808 3201 Amyclas,
858 3133 938 3180 cum
971 3112 1152 3183 venissent
1184 3137 1203 3183 a
1256 3107 1320 3190 tis,
1352 3106 1475 3176 nutrix
1495 3104 1731 3185 bellatorum,
1764 3101 1830 3169 tibi
1852 3096 1922 3169 hoc
1941 3121 2087 3169 carmen
2107 3092 2245 3168 Thebis

216 3208 337 3277 Pindo
367 3206 522 3277 celebres
548 3207 657 3278 vicini
679 3207 993 3303 Tyndaridarum,
1032 3216 1098 3309 qni
1120 3216 1206 3286 belli
1256 3211 1397 3280 adfero:
1424 3208 1559 3302 inquo
1582 3230 1660 3278 sum
1678 3202 1825 3275 nuntius
1842 3201 2058 3296 quadrigae,
2083 3222 2176 3298 quae
2192 3199 2246 3270 vi-

217 3310 333 3401 gloria
351 3308 564 3379 floruerunt.
1256 3325 1334 3383 ctor
1350 3311 1492 3383 ornavit
1508 3308 1696 3403 Ortygiam
1710 3309 1831 3379 sedem
1846 3304 2005 3389 Dianae,
2031 3303 2132 3376 cuius
2146 3302 2247 3374 auxi·

320 3407 423 3510 (Aac.
439 3410 493 3506 4.)
520 3409 731 3503 Olupiter,
753 3437 905 3514 ⁸semper
927 3418 1056 3501 facito,
1088 3431 1204 3509 utta-
1255 3415 1306 3485 lio
1329 3413 1469 3485 domuit
1489 3436 1611 3505 equos.
1663 3417 1763 3500 (Ant.
1781 3408 1831 3502 1.)
1857 3408 1950 3480 Nam
1973 3407 2078 3499 virgo
2091 3418 2245 3501 utraque

217 3515 288 3585 lem
303 3514 488 3582 fortunam
507 3537 633 3605 regum
658 3527 694 3585 et
715 3516 847 3587 civium
870 3522 916 3589 ad
932 3519 1081 3590 fluvium
1098 3520 1205 3590 Arne·
1256 3541 1368 3588 manu
1383 3530 1416 3586 et
1423 3514 1622 3585 Mercurius
1638 3513 1840 3582 radiantem
1856 3524 2024 3581 ornatum
2041 3508 2246 3602 imponunt,

218 3639 305 3686 nam
327 3616 481 3685 celebret
499 3640 605 3688 verus
627 3642 747 3689 sermo
768 3614 980 3706 hominurn,
1023 3634 1058 3693 et
1086 3635 1202 3693 tecum
1257 3620 1404 3715 quando
1427 3618 1543 3709 iungit
1561 3641 1673 3711 equos
1689 3629 1725 3685 et
1739 3638 1905 3698 currum,
1931 3628 1967 3682 et
1980 3613 2088 3684 simul
2102 3612 2246 3681 invocat

218 3741 283 3789 rex
300 3717 374 3787 filio
399 3718 612 3810 praecipiat,
646 3733 683 3790 et
700 3735 801 3813 regat
823 3725 1018 3817 populum,
1053 3736 1088 3794 et
1107 3739 1206 3796 curet
1255 3722 1476 3814 Neptunum.
1526 3719 1599 3789 Alii
1620 3732 1747 3812 poetae
1770 3717 1849 3788 aliis
1869 3717 2013 3808 regibus
2026 3716 2247 3808 scripserunt

218 3822 432 3892 concordem
446 3820 763 3916 tranquillitatem.
805 3825 964 3899 Obsecro
981 3822 1118 3920 lupiter
1141 3852 1204 3898 an·
1256 3825 1434 3909 carmina,
1459 3835 1609 3916 propter
1631 3845 1756 3893 eorum
1778 3821 1960 3891 virtutem.
1983 3844 1988 3853 ’
2011 3817 2116 3889 Circa
2136 3816 2247 3910 Ciny·

217 3922 321 3994 nuito
344 3922 500 4012 placide,
534 3936 575 3996 ut
595 3927 695 3994 domi
717 3922 915 4000 Phoenices
938 3942 973 4000 ct
995 3927 1205 4026 Tyrrheno·
1255 3952 1334 3998 ram
1359 3927 1574 4022 Cypriorum
1603 3937 1735 3997 sonant
1765 3922 1978 4016 praeconia,
2009 3944 2119 4016 quem
2139 3918 2246 3990 valde

106 4081 110 4089 .
217 4048 301 4095 rum
324 4024 519 4094 multitudo
541 4027 674 4097 sentiat
694 4030 860 4100 navalem
884 4032 1117 4117 seditionem,
1151 4035 1204 4102 vi·
1256 4031 1380 4101 dilexit
1393 4031 1543 4122 Apollo,
1569 4033 1652 4119 (Ep.
1670 4027 1721 4121 1.)
1742 4028 1964 4098 sacerdotem
1977 4022 2128 4095 Veneris
2141 4020 2246 4092 fami·

218 4124 346 4219 dcnsi)
369 4150 526 4217 pugnam
550 4129 598 4195 ad
620 4127 772 4213 Cumas,
805 4133 884 4226 (Ep.
901 4131 955 4228 4.)
989 4135 1050 4203 ubi
1075 4134 1204 4204 domiti
1255 4134 1393 4205 liarem.
1445 4132 1554 4206 Ducit
1572 4145 1691 4202 autem
1708 4129 1824 4220 gratia
1839 4141 1984 4211 mutua,
2009 4147 2161 4221 sequens
2175 4147 2244 4216 pro

1496 2852 1615 2919 Eidem
1639 2850 1824 2918 Hieroni
1850 2841 1999 2941 ἅρματι.

94 4256 101 4261 ·
218 4240 303 4300 sunt
319 4227 364 4295 ab
378 4226 555 4312 hierone,
580 4231 643 4324 qui
666 4231 847 4303 velocibus
867 4235 1019 4306 navibus
1041 4236 1079 4304 in
1102 4259 1203 4306 mare
1254 4235 1466 4307 benefactis:
1493 4248 1598 4328 teque
1611 4230 1800 4303 Locrensis
1814 4230 1939 4301 civitas
1950 4224 2061 4299 Hiero
2077 4227 2243 4309 celebrat,

216 4327 467 4420 praecipitavit
500 4354 623 4402 omnes
657 4357 782 4403 eorum
816 4336 966 4421 milites,
1011 4338 1201 4409 Graeciam
1255 4340 1379 4410 videns
1393 4337 1638 4417 securitatem,
1664 4349 1726 4404 tua
1740 4331 1872 4401 virtute
1886 4326 2049 4404 hostibus
2062 4325 2242 4422 repressis.

215 4430 317 4522 gravi
341 4430 511 4501 servitute
540 4434 709 4507 liberans.
777 4437 986 4530 Amplector
1007 4435 1202 4513 Athenien·
1355 4440 1514 4512 Narrant
1529 4448 1660 4520 autem,
1687 4434 1847 4506 Deorum
1862 4435 1959 4505 iussu
1969 4433 2130 4506 lxionem
2144 4452 2243 4501 mor-

214 4533 306 4602 sium
324 4533 498 4624 gratiam,
524 4536 653 4628 quibus
667 4561 804 4611 merces
826 4542 976 4612 debetur
998 4568 1065 4636 pro
1090 4545 1201 4617 vieto-
1254 4542 1383 4613 talibus
1406 4540 1442 4609 in
1465 4552 1544 4608 rota
1559 4539 1761 4610 volutatum
1778 4533 2104 4608 haecconcionari:
2128 4533 2245 4605 Benc-

213 4634 267 4703 ria
294 4636 340 4703 ad
363 4633 586 4707 Salaminen:
631 4640 725 4709 etin
748 4643 877 4735 Sparta
903 4644 1019 4716 dicam
1042 4672 1200 4740 pugnam
1252 4643 1381 4714 factori
1397 4655 1496 4734 grata
1512 4642 1589 4712 vice
1606 4642 1934 4735 compensationem
1949 4641 2152 4710 faciendam
2168 4659 2243 4709 esse

214 4732 542 4824 adCithaeronem,
564 4740 626 4811 ubi
636 4741 737 4813 Medi
754 4745 968 4820 iaculatores
984 4751 1200 4822 defecerunt.
1253 4748 1297 4816 ab
1321 4747 1384 4832 iis,
1411 4748 1471 4840 qui
1493 4747 1663 4816 beneficia
1685 4757 1908 4838 acceperunt.
1961 4747 2056 4833 (scr.
2076 4739 2134 4837 2.)
2165 4739 2245 4810 lloc

212 4835 425 4912 Dinomenis
443 4856 563 4913 autem
586 4844 668 4915 filiis
690 4842 865 4939 hymnum
888 4853 1091 4943 perficiam,
1115 4876 1200 4945 pro·
1252 4849 1396 4934 didicit,
1431 4873 1511 4920 cum
1542 4851 1639 4943 apud
1667 4847 1764 4921 Deos
1794 4849 1938 4931 vivens,
1969 4870 2046 4915 non
2074 4842 2246 4916 sustinuit

211 4951 294 5031 pter
307 4965 463 5033 pugnam
482 4946 520 5014 in
535 4946 613 5038 ripa
629 4946 817 5039 Himerae,
844 4975 951 5047 quem
966 4978 1035 5046 pro
1051 4956 1200 5028 devictis
1251 4953 1459 5023 diuturnam
1492 4951 1719 5036 felicitatem,
1759 4951 1905 5045 quando
1944 4948 2086 5019 furente
2118 4943 2247 5017 animo

209 5036 374 5113 hostibus
390 5062 613 5138 receperunt.
1251 5055 1387 5125 amavit
1420 5051 1615 5137 Iunonem,
1656 5052 1750 5123 lovis
1781 5051 1981 5143 coniugem.
2059 5050 2130 5122 Sed
2159 5072 2243 5119 cum

313 5141 404 5241 (Str.
418 5145 474 5245 5.)
500 5150 539 5220 si
552 5164 755 5243 opportune
769 5156 884 5242 dicas,
909 5183 965 5230 res
979 5172 1095 5250 gestas
1107 5159 1198 5255 mul-
1248 5158 1447 5251 petulantia
1472 5158 1616 5250 impulit
1633 5158 1678 5228 ad
1695 5156 1888 5247 superbum
1905 5155 2030 5227 scelus.
2082 5148 2163 5225 Cito
2179 5174 2244 5224 au·
2280 5208 2283 5213 .

211 5259 330 5316 torum
351 5248 506 5321 breviter
525 5254 760 5345 complicans,
788 5259 905 5331 minus
918 5262 1080 5356 sequitur
1091 5262 1196 5334 livor.
1249 5276 1321 5330 tem
1359 5262 1465 5352 digna
1500 5285 1644 5355 passus,
1693 5257 1870 5351 insignem
1908 5281 2064 5353 poenam
2102 5249 2243 5328 habuit.

209 5403 284 5415 --
303 5404 321 5410 —
342 5405 415 5418 ---
679 5400 682 5405 ·
1248 5361 1332 5434 Duo
1361 5364 1456 5433 enirn
1488 5361 1602 5434 tristia
1629 5360 1703 5434 eius
1725 5360 1855 5431 delicta
1879 5362 2040 5433 fuerunt:
2073 5357 2243 5443 alterum,

245 5475 277 5536 s)
296 5475 408 5545 verens]
427 5480 642 5551 secretana,
663 5486 714 5538 nt.
731 5486 806 5541 teca
825 5488 945 5543 nusae
1219 5520 1224 5546 .
1248 5466 1346 5561 quod
1367 5460 1427 5537 hie
1440 5458 1548 5540 heros
1563 5463 1702 5557 primus
1717 5477 1910 5556 cognatum
1925 5460 2137 5555 sangninem
2152 5461 2245 5532 dolo
