4754 6014
76 310 152 385 438
531 301 750 377 LXXXVlll.
801 304 1086 377 ENARRATIO
1120 296 1404 379 GEORGlCON
1436 304 1645 379 VlRGlLll.
1826 312 1829 319 '
2031 310 2107 386 434

75 504 174 555 auam
188 478 339 551 salutem
357 501 431 549 esse
445 478 734 559 commendatam
756 476 997 569 principibus,
1032 489 1067 547 et
1118 501 1187 547 nus
1203 477 1359 570 imperat
1374 502 1498 565 servo,
1530 493 1571 549 nt
1595 490 1743 569 cogatur
1766 480 1900 563 lacere,
1936 481 2107 576 quicquid

74 608 195 655 veram
213 581 385 652 iustitiam
404 593 439 649 ct
453 580 665 671 sapientiam
683 580 922 650 admirantur.
968 578 1065 651 Deus
1117 580 1285 652 dominus
1308 582 1475 670 imperat.
1540 579 1592 650 lta
1617 596 1669 653 est
1692 582 1864 672 impressa
1887 586 2018 675 duplex
2045 610 2108 676 gu-

72 685 155 758 lecit
186 697 328 754 tantum
358 686 430 754 duo
458 684 654 774 regimina,
690 695 724 750 et
749 683 894 752 illorum
922 683 1066 773 regimi-
1116 684 1281 754 bernatio
1300 697 1450 752 naturae
1471 680 1651 754 humanae
1669 684 1781 754 civilis
1797 698 1833 754 et
1847 688 1997 758 servilis.
2050 682 2115 758 (ἶί-Ὶ

57 814 159 884 ‘num
185 784 465 880 pulcherrimam
490 786 684 877 imaginem
709 784 890 876 impressit
913 797 1064 855 naturae
1117 786 1196 855 vilis
1221 800 1273 857 est
1296 786 1415 856 cordia
1436 799 1472 856 et
1494 787 1664 871 rationis,
1706 787 1844 858 servilis
1874 802 1926 861 εει
1948 793 2108 861 locomo-

70 888 265 963 humanae.
318 890 389 960 Cor
414 888 551 979 regitur
574 888 725 958 consilio
747 887 913 959 rationis.
970 885 1064 958 Illud
1116 887 1223 957 tivae.
1275 888 1569 960 Servilisdeinde
1593 903 1646 960 est
1669 891 1809 979 duplex.
1867 894 1947 963 Alia
1973 905 2026 962 cst
2050 918 2107 963 re·

72 1007 125 1064 est
141 994 326 1085 politicum
343 1005 378 1061 et
392 992 635 1061 voluntarium
654 990 858 1082 imperium.
893 990 962 1059 Sed
979 992 1062 1084 qnia
1116 989 1192 1080 gia,
1233 991 1302 1059 alia
1337 993 1537 1084 tyrannica.
1604 992 1811 1084 Tyrannioa
1847 1008 1918 1080 est,
1960 999 2106 1091 quando

71 1098 172 1166 illam
197 1096 493 1188 gubernationem
517 1094 700 1186 politicam
726 1094 950 1163 turbavimus
981 1118 1064 1184 pro-
1115 1094 1278 1162 membra
1306 1108 1451 1164 externa
1481 1093 1618 1164 faciunt
1644 1095 1782 1189 aliquid
1808 1099 2024 1168 reclamante
2050 1125 2107 1170 ra-

70 1213 153 1292 pter
169 1199 295 1269 vitium
311 1199 481 1289 originis,
514 1211 555 1266 ut
575 1222 638 1266 cor
662 1221 737 1265 non
762 1197 986 1289 obtemperet
1006 1221 1064 1265 ra·
1116 1195 1226 1264 tione.
1698 1216 1703 1225 ·

71 1302 182 1372 tioni:
215 1303 297 1372 ideo
322 1303 489 1373 voluntas
511 1301 665 1399 imperat
685 1299 945 1383 locomotivae‚
971 1324 1063 1393 quae
1216 1296 1278 1367 Vs.
1310 1291 1398 1367 564.
1451 1299 1683 1393 Parthenope]
1721 1300 1759 1369 id
1801 1313 1874 1388 est,
1923 1302 2106 1395 Neapolis.

71 1406 151 1476 aine
163 1405 234 1474 ulla
250 1406 479 1477 recusatione
495 1402 635 1496 cogitur
652 1403 774 1472 omnia
790 1404 919 1474 lacere.
972 1398 1062 1471 lllud
1117 1396 1196 1498 ou]
1221 1397 1291 1491 lpsi
1307 1416 1525 1471 vocaverunt
1543 1401 1656 1471 otium
1675 1402 1786 1472 vitam
1806 1405 2003 1497 privatam,
2031 1432 2106 1477 non

71 1508 265 1601 imperium
283 1521 336 1580 est
348 1509 488 1601 regale,
513 1532 589 1577 non
610 1520 662 1579 est
684 1506 884 1599 politicum.
936 1504 1063 1575 Domi·
1115 1503 1242 1575 esseio
1261 1503 1816 1596 reipublicaeadministratione.

81 5560 269 5669 liutmun.¹
284 5584 389 5667 orno.
414 5598 499 5663 Von.
522 5595 613 5660 xlx
