4762 6008
135 311 208 389 ast

134 479 397 579 praestantibus
416 475 503 548 viris
516 490 669 569 nuptas,
693 502 799 570 saepe
814 478 1008 549 libidinoso
1025 501 1124 547 amo-

132 611 174 657 re
195 585 246 655 ita
265 583 437 675 flagrare,
481 590 521 650 ut
543 578 754 671 pudicitiam
777 603 879 652 suam
903 580 1125 671 prostituant

132 682 340 759 hominibus
354 680 587 774 turpissimis,
612 682 802 751 brutorum
821 681 1032 752 animalium
1047 704 1121 751 non

132 784 375 859 dissimilibus.

467 963 785 1035 Minotaurus.

184 1104 262 1176 Vss.
281 1096 355 1174 155
370 1127 424 1196 sq.
453 1104 608 1173 creverat
628 1101 841 1187 opprobrium
859 1103 1016 1189 perceris,
1045 1101 1120 1191 soe·

543 1204 686 1294 dumque
703 1203 840 1288 putebat

182 1310 315 1380 Matris
329 1304 535 1376 adulterium
550 1306 693 1372 monstri
710 1305 855 1372 nouitate
868 1300 1035 1389 diformis.

470 303 561 380 XCI.
615 304 903 383 Enaaaarlo
930 303 1059 381 uiant
1085 305 1176 384 Vlll.
1208 297 1682 376 METAMORPHOSEON
1717 297 1878 379 OlllDll.
2084 302 2159 381 582

1229 477 1327 544 Uada
1339 482 1456 563 praees
1471 496 1599 560 peursm
1606 505 1618 555 ‚-
1646 479 1679 545 si
1693 468 1832 559 celsior,
1858 479 1950 565 iouis
1963 481 2097 549 adurat.

1224 579 1322 646 luter
1336 585 1511 667 utrumque
1524 575 1607 644 volu.

1173 689 1353 764 Lucianus
1367 692 1405 762 in
1422 691 1544 765 libello
1567 694 1612 761 de
1625 692 1830 786 Astrologia
1852 692 1994 779 scribit,
2020 697 2159 769 Daeda-

1172 792 1247 863 lum
1262 794 1369 865 luisse
1392 788 1704 878 mathematicum,
1736 795 1908 867 etlilium
1930 794 2070 869 Icarum
2094 803 2159 872 do-

1172 895 1284 968 cuisse
1306 896 1555 988 astrologiams
1597 898 1659 967 sed
1685 921 1765 968 eum
1790 896 1938 969 iuvenili
1959 900 2099 971 fervore
2123 916 2158 972 et

1170 997 1405 1088 persuasione
1436 998 1621 1068 doctrinae
1649 998 1783 1069 elatum
1809 1001 1993 1073 aberrasse
2015 1025 2035 1071 a
2059 1028 2158 1088 vero,

1170 1110 1207 1167 et
1218 1099 1391 1170 decidisse
1409 1097 1448 1167 in
1463 1122 1564 1169 mare
1578 1123 1700 1170 rerum
1716 1100 1913 1174 immensae
1934 1105 2158 1195 profundita-

1169 1199 1226 1272 tis.
1287 1201 1476 1271 Caeterum
1501 1201 1539 1270 in
1563 1195 1631 1272 hac
1654 1204 1774 1273 fabula
1798 1205 1871 1275 duo
1894 1218 1996 1290 sunt,
2028 1208 2156 1300 quibus

1169 1300 1263 1373 inest
1276 1303 1429 1374 multum
1447 1303 1583 1393 gratiae
1598 1316 1634 1373 et
1653 1305 1855 1376 suavitatis:
1889 1306 2064 1390 alterurn,
2093 1311 2156 1380 ubi

233 1421 416 1513 Dissipau
450 1421 546 1488 fama
571 1417 739 1488 adulterii
770 1429 899 1510 poetae
926 1420 1118 1488 commenti
1168 1408 1390 1595 ppmuptpglo
1406 1417 1441 1476 et
1454 1429 1540 1600 dudi
1563 1406 1708 1497 puerilis
1730 1407 1937 1499 depingitur
1961 1403 2016 1481 his
2039 1413 2155 1482 verbis

1220 1531 1267 1579 ss.
1370 1512 1454 1580 -2
1507 1535 1551 1578 .:

1676 1648 1761 1714 prter
1779 1624 1982 1696 icarus'uuu

1218 1726 1361 1807 Status,
1387 1737 1420 1796 et
1436 1731 1578 1815 iyaarsss
1591 1750 1653 1795 sess
1667 1750 1703 1796 se
1718 1736 1869 1796 tractare
1883 1732 2029 1816 pericla,

1220 1829 1287 1897 (ire
1303 1830 1491 1910 residenti,
1518 1831 1613 1896 modo
1624 1853 1707 1919 ques
1722 1850 1808 1915 sapa
1824 1843 1971 1901 mouerat
1981 1854 2088 1911 aura,

1219 1929 1381 2015 Gamala
1391 1930 1543 2017 plumas,
1565 1929 1690 2016 fissam
1705 1933 1800 2023 modo
1811 1932 1931 2017 pollice
1944 1956 2055 2002 seram

1217 2029 1395 2110 Mollidat,
1422 2031 1559 2124 iussuque
1573 2054 1633 2100 suo
1645 2029 1802 2099 mirabile
1812 2036 1926 2117 patris

125 1537 215 1598 sunt
244 1524 402 1607 fabulas,
445 1520 575 1616 quibus
598 1520 719 1629 Minos
748 1521 786 1589 in
804 1518 941 1615 ‘Atticis
968 1516 1117 1592 theatris

126 1624 388 1698 contumeliose
422 1622 618 1714 exagitatus
654 1635 717 1693 est.
790 1620 988 1692 Finxerunt
1019 1622 1116 1693 enim

129 1753 281 1801 uxorem
304 1725 380 1796 eius
402 1725 574 1796 inclusam
602 1724 695 1792 intra
716 1746 858 1793 vaccam
875 1722 1051 1812 ligneam,
1078 1735 1114 1795 et

128 1830 230 1900 corio
248 1830 418 1900 iuvencae
435 1839 583 1909 tectam,
613 1824 796 1896 admisisse
812 1838 975 1904 taurum;
1008 1839 1116 1920 atque

128 1956 174 2002 ex
188 1955 231 2002 eo
248 1928 450 2021 concepisse
466 1940 667 2000 monstrum
692 1927 866 2011 biforme,
898 1927 954 1996 cui
981 1952 1115 1998 nornen

129 2032 351 2104 Minotauro.
411 2030 552 2100 Vocant
577 2044 695 2101 autem
723 2041 851 2122 poetae
867 2028 1114 2101 Minotaurum

128 2158 204 2205 non
227 2135 335 2204 modo
358 2157 510 2224 puerum
531 2134 708 2202 adulterio
740 2143 971 2224 conceptum,
1013 2133 1116 2225 quasi

128 2235 264 2307 Minois
288 2251 323 2306 et
344 2233 612 2313 Tauri'hlium3
653 2236 715 2306 sed
740 2235 848 2305 etiam
870 2234 971 2305 illum
997 2233 1114 2326 ipsum

130 2340 353 2418 adulterum',
394 2337 496 2428 quasi
521 2335 656 2405 Minois
687 2347 830 2405 taurum
864 2337 1115 2427 proletarium

128 2441 197 2510 luit
221 2438 317 2507 enim
342 2435 590 2515 Minotaurus,
637 2435 700 2528 qui
733 2460 753 2502 a
777 2432 919 2506 Theseo
943 2437 1056 2506 victus
1082 2449 1117 2506 et

128 2541 265 2612 occisus
282 2548 354 2619 est,
380 2536 455 2626 ipse
469 2530 658 2618 moechus,
684 2547 772 2606 teste
788 2531 1035 2632 Plutarcho⁴).

439 2721 809 2821 Labyrinthus⁸).

230 2857 476 2956 Labyrinthus
489 2859 557 2932 luit
570 2884 691 2931 carcer
714 2860 753 2930 in
770 2861 896 2945 Creta,
929 2884 1034 2956 quem
1061 2860 1116 2931 ni·

127 2963 181 3036 hil
212 2965 434 3036 incommodi
464 2960 630 3035 habuisse
660 2975 811 3035 testatur
838 2963 935 3033 idem
969 2963 1116 3036 Plutar-

128 3065 277 3165 chus'),
317 3065 387 3138 nisi
412 3067 510 3161 quod
534 3088 642 3136 nemo
664 3065 762 3136 illinc
784 3067 935 3136 evadere
961 3078 1115 3160 poterat.

126 3168 216 3240 Erat
232 3168 328 3240 euim
344 3167 543 3239 aedificium
563 3168 740 3261 perplexis
760 3167 956 3261 parietibus
980 3181 1115 3240 exsurr-

127 3283 235 3344 ctum.
300 3269 342 3341 ln
364 3267 472 3342 huius
497 3271 761 3341 custodiarum
795 3270 899 3342 liberi
919 3266 1115 3341 Athenien·

125 3373 218 3445 sium
233 3373 366 3446 servati
381 3386 624 3443 tractarentur
638 3373 840 3466 indignius,
873 3373 1003 3444 fabulis
1027 3374 1114 3444 cele-

121 3477 269 3547 bratum
293 3489 365 3561 est,
404 3475 485 3547 illos
514 3477 553 3546 in
583 3471 789 3569 labyrintho
815 3487 877 3547 aut
899 3476 1067 3545 devorari
1093 3499 1113 3545 a

125 3577 336 3650 Minotauro
351 3591 413 3650 aut
428 3579 592 3672 palantes
607 3591 837 3673 errantesque
852 3576 986 3649 necari.

316 3763 514 3834 Daedali
531 3764 582 3835 'et
606 3764 726 3835 Icari
749 3765 922 3836 fabula.

229 3892 383 3965 Daedali
397 3895 475 3964 alae
490 3886 691 3986 significant
707 3898 785 3966 vela
802 3894 960 3966 navium.
1018 3892 1115 3964 llaec

126 3993 224 4064 enim
254 3997 301 4066 ab
333 3993 396 4064 illo
427 3996 571 4066 inventa
602 3997 790 4080 dicuntur,
830 4009 952 4092 estque
982 3995 1114 4073 usitata

128 4095 341 4188 significatio
376 4097 516 4168 alarum
557 4121 624 4191 pro
665 4099 773 4182 velis,
823 4112 865 4170 ut
903 4099 999 4191 apud
1032 4096 1114 4168 Vir-
1178 4186 1181 4191 Ι

128 4198 253 4292 gilium
265 4198 319 4296 ⁷):

231 4316 366 4370 velorum
382 4315 526 4382 mndtnm
544 4318 616 4373 slss.

128 4400 220 4475 lcari
244 4429 333 4475 vero
356 4405 478 4497 lapsus
501 4406 691 4490 admonet,
724 4429 770 4477 ne
793 4407 986 4478 efferamur
1009 4403 1115 4476 altius

130 4530 238 4600 quam
255 4531 322 4598 pro
339 4519 461 4578 nostra
478 4522 592 4579 sorte:
619 4522 729 4603 utque
751 4523 935 4582 teneamus
958 4509 997 4579 in
1014 4505 1115 4578 omni

129 4632 169 4678 re
184 4608 487 4689 mediocritatem
513 4610 550 4680 id
576 4611 672 4681 enim
698 4613 775 4682 vult
793 4624 921 4706 poeta,
954 4636 1035 4683 cum
1060 4611 1115 4680 in·

129 4713 208 4802 quit
231 4710 283 4806 (V
282 4737 329 4784 ss.
340 4711 417 4786 203
431 4752 476 4768 -
487 4709 610 4808 206.):

181 4835 329 4903 instruit
343 4841 376 4903 et
391 4841 526 4903 aetum
550 4834 730 4926 Mediaque
742 4840 779 4901 ut
792 4832 909 4902 lissiae
923 4854 1064 4915 cums,

182 4934 298 5018 tem,
324 4938 394 5017 ait,
420 4957 555 5017 moneo,
579 4957 639 5017 sse,
666 4934 991 5015 sidemissierilis,

166 5183 200 5243 t)
216 5179 354 5231 etrusca.
373 5177 431 5230 rita
447 5178 545 5230 {besai
563 5190 587 5229 s.
602 5180 643 5230 lb.

165 5280 199 5349 d)
218 5279 298 5333 orta.
316 5281 385 5334 list.
401 5278 476 5343 vlit,
496 5278 654 5331 tat-108.

164 5381 198 5450 d)
216 5381 355 5433 Plutarch.
375 5380 393 5431 Ι.
407 5379 428 5433 1.
445 5391 470 5434 c.
484 5379 525 5431 td.

166 5481 199 5549 t)
217 5482 298 5548 virg.
317 5481 387 5536 Asa.
405 5480 452 5549 ru,
470 5480 530 5534 Μ.

1215 2131 1421 2218 impediebat
1440 2154 1532 2220 opus.

1166 2240 1218 2315 lta
1232 2247 1328 2317 enim
1344 2249 1460 2320 solent
1473 2251 1595 2343 pueri,
1622 2262 1813 2319 accurrunt
1836 2250 1883 2318 ad
1906 2263 2090 2341 parentes,
2120 2251 2152 2320 si

1167 2347 1254 2441 quid
1269 2350 1355 2419 novi
1372 2375 1458 2441 prae
1481 2352 1645 2422 manibus
1669 2345 1801 2421 habere
1825 2350 1966 2432 vident;
2001 2352 2153 2422 interro·

1167 2460 1272 2539 gant,
1313 2451 1398 2544 quid
1435 2464 1578 2544 agotum
1631 2463 1823 2524 attrectant
1853 2453 1994 2531 omnim
2039 2455 2151 2545 impe·

1168 2549 1342 2645 diuntque
1359 2552 1456 2642 ipsos
1470 2563 1637 2644 parentes
1652 2552 1767 2623 labori
1783 2555 1956 2625 intentos:
1985 2578 2077 2647 quac
2100 2566 2152 2623 ta-

1168 2674 1251 2721 men
1266 2651 1521 2746 impedimenta
1536 2677 1610 2725 non
1627 2666 1701 2722 tam
1717 2657 1866 2729 molesta
1889 2669 1972 2728 sunt
1994 2656 2153 2747 parenti-

1166 2752 1233 2825 bus
1256 2778 1364 2849 quam
1389 2755 1564 2838 iucunda,
1604 2755 1695 2827 sicut
1718 2756 1771 2826 illi
1789 2771 1945 2843 norunt,
1979 2758 2043 2852 qui
2063 2753 2153 2827 baec

1166 2868 1250 2926 sunt
1279 2857 1426 2949 experti.
1497 2858 1680 2941 Alterum,
1719 2859 1781 2928 ubi
1811 2860 2030 2932 consuetudo
2060 2859 2153 2930 seni-

1166 2955 1209 3029 lis
1235 2970 1272 3027 et
1299 2972 1449 3050 paterna
1479 2959 1681 3032 sollicitudo
1715 2958 1928 3054 exprimitur
1952 2957 2009 3030 his
2033 2960 2151 3031 verbis

1166 3057 1261 3154 (Vss.
1274 3062 1352 3135 210
1366 3064 1454 3158 sq.):

1216 3182 1311 3248 Inter
1325 3201 1406 3268 opus
1420 3185 1628 3273 monitusque
1641 3202 1747 3270 peace
1762 3184 1919 3251 maduere
1932 3182 2072 3261 seniles,

1218 3283 1263 3350 Et
1275 3286 1412 3368 patriae
1425 3292 1590 3353 tremuere
1606 3305 1747 3364 maus,
1772 3284 1865 3353 dedit
1880 3284 1992 3353 oscula
2008 3293 2097 3352 nato.

1166 3397 1264 3470 llaec
1275 3398 1372 3471 enim
1386 3394 1505 3495 ἠθικὰ
1517 3390 1620 3484 sunt,
1653 3412 1689 3469 et
1710 3400 1757 3470 ad
1777 3412 1947 3473 naturam
1970 3423 2095 3473 senum
2118 3412 2153 3469 et

1166 3502 1212 3571 ad
1227 3501 1300 3573 vim
1316 3503 1458 3593 paterni
1474 3501 1608 3573 amoris
1632 3524 1718 3593 erga
1739 3512 1844 3574 natos
1868 3504 2149 3585 accommodata,

1166 3603 1365 3697 quaebene
1381 3615 1531 3672 tractata
1554 3602 1629 3673 sive
1652 3626 1674 3670 a
1696 3601 1832 3693 poetis,
1865 3603 1940 3674 sive
1964 3605 2010 3673 ab
2033 3616 2152 3672 orato-

1165 3702 1283 3786 ribus,
1315 3700 1563 3771 admirabilem
1591 3700 1649 3794 (ut
1670 3700 1789 3796 inquit
1810 3702 1953 3801 Cicero)
1981 3705 2150 3798 eloquen-

1165 3803 1252 3874 tiam
1269 3801 1417 3874 iaciunt.

1190 4033 1416 4107 Inventor
1440 4057 1597 4106 serrae
1623 4047 1667 4104 et
1690 4032 1860 4105 circini
1890 4036 1937 4107 in
1962 4038 2125 4129 perdi-

1529 4161 1618 4207 cem
1646 4160 1785 4209 avem.

1214 4289 1291 4361 Vss.
1305 4282 1381 4362 258
1395 4311 1448 4379 sq.
1470 4290 1615 4375 Propter
1630 4289 1766 4356 lsumum
1781 4288 1916 4371 uolitat,
1939 4293 2098 4380 ponitque
2112 4292 2149 4355 is

1573 4391 1705 4477 sepibus
1723 4413 1800 4473 oua,

1217 4494 1422 4586 Antiquique
1438 4514 1563 4561 mensor
1578 4495 1696 4561 muttit
1707 4493 1865 4561 usdiinia
1878 4514 1987 4561 casus.

1266 4625 1385 4710 Puer,
1409 4625 1467 4697 cui
1483 4624 1698 4699 adscribitur
1711 4623 1872 4696 inventio
1887 4647 2006 4696 serrae
2027 4636 2062 4692 et
2082 4622 2149 4692 eir·

1166 4726 1258 4812 cini,
1294 4728 1391 4798 idem
1418 4729 1556 4798 invenit
1579 4751 1723 4821 quoque
1744 4740 1912 4810 tornum,
1954 4735 1990 4794 et
2018 4737 2149 4808 rotam,

1166 4854 1237 4927 qua
1250 4831 1349 4924 figtrli
1363 4843 1532 4911 utuntur;
1555 4832 1694 4925 luitque
1709 4828 1859 4899 Daedali
1873 4851 1916 4898 ex
1940 4846 2065 4897 sorore
2086 4850 2148 4897 ne-

1164 4959 1243 5028 pos.
1310 4931 1406 5004 Eum
1432 4931 1494 5003 alii
1513 4929 1722 5016 Perdicem,
1758 4930 1822 5000 alii
1845 4928 1979 4999 Telum
2006 4943 2148 5003 vocant.

1164 5035 1346 5109 Daedalus
1372 5037 1416 5106 de
1448 5034 1525 5107 eius
1554 5057 1642 5104 nece
1672 5044 1855 5126 suspectus
1887 5042 1924 5102 et
1954 5042 2149 5117 secuntus,

1165 5135 1316 5211 Athenis
1334 5136 1494 5232 profugit
1518 5136 1557 5206 in
1579 5135 1737 5209 Cretam.
1792 5133 1891 5205 llaec
1917 5134 2039 5206 omnia
2065 5146 2150 5208 sunt

1050 5324 1056 5331 .
1164 5239 1352 5321 historica;
1392 5235 1693 5331 metamorphosis
1722 5261 1810 5309 vero
1841 5250 1893 5311 est
1922 5239 2073 5311 conficta
2107 5261 2149 5308 er

1165 5342 1398 5418 similitudine
1413 5341 1572 5415 nominis
1586 5353 1621 5413 et
1634 5341 1904 5415 accommodata
1921 5342 1967 5414 ad
1980 5354 2147 5416 naturam

1166 5445 1241 5519 avis
1252 5445 1418 5541 perdicis.
1593 5543 1681 5620 w
