4762 6008
619 64 635 108 s·

100 276 177 354 545
573 271 776 346 LXXXVll.
826 264 1110 345 ENARRATIO
1139 268 1416 347 BUCOLICON
1449 270 1655 347 VIRGlLll.
2048 278 2124 352 846

102 475 195 547 quae
211 448 344 519 bellum
361 444 573 537 praesertim
591 446 692 515 civile
707 444 935 515 comitantur.
969 442 1092 532 Quan-
1144 457 1292 514 venusta
1314 444 1537 534 obiurgatio,
1572 468 1643 539 qua
1658 445 1736 513 Pan
1757 445 1948 536 compellat
1965 446 2125 523 Gallum.

101 566 180 624 tum
197 551 313 631 enim,
338 562 380 619 ut
394 547 599 617 Herodotus
614 548 685 630 ait,
712 548 819 617 distat
841 568 911 636 pax
937 567 959 611 a
985 543 1092 627 bello,
1142 545 1239 614 llaec
1268 547 1428 616 continet
1451 546 1569 615 locum
1601 570 1847 629 communem,
1885 573 1993 641 quam
2018 545 2126 621 vehe-

102 668 242 724 tantum
258 651 381 721 differt
396 675 416 719 a
434 651 529 719 bello
547 662 666 720 motus
683 649 807 718 civilis.
857 648 968 715 Aede
990 645 1092 714 bellis
1141 672 1242 718 mens
1259 648 1403 719 affectus
1420 648 1466 717 sit
1482 670 1604 731 amor,
1629 662 1666 717 et
1680 652 1777 743 quod
1794 672 1870 717 non
1885 651 1998 742 possit
2017 652 2126 738 vinci,

103 756 266 825 civilibus
284 752 467 823 verissime
482 751 647 821 Lucanus
655 751 704 846 ¹⁰)
726 751 833 821 dixit:
866 749 947 817 Alta
968 748 1093 817 sedent
1141 751 1171 820 si
1188 750 1268 843 quis
1283 750 1465 841 indulgeat
1479 750 1667 822 desiderio.
1719 750 1786 819 llic
1810 751 1909 820 locus
1933 755 2124 846 praecipue

103 857 217 926 civilis
231 856 379 925 vulnera
399 857 555 924 dextrae.
607 852 715 922 Multi
739 853 833 921 euim
860 851 1091 940 implicantur
1142 853 1385 922 observandus
1417 840 1487 935 est,
1532 852 1743 943 praesertim
1767 844 1925 943 propter
1956 867 2125 927 venustas

103 957 366 1028 calamitatibus
384 955 541 1026 civilium
560 956 756 1036 bellorum,
791 952 853 1047 qui
874 964 1003 1021 natura
1029 973 1091 1041 pa-

104 1061 154 1129 cis
170 1071 253 1129 sunt
268 1058 505 1149 cupidissimi,
531 1070 566 1125 et
578 1055 769 1148 nullam¹⁸)
787 1055 950 1124 civilibus
971 1054 1091 1121 incen-

103 1161 173 1231 diis
192 1184 334 1230 causam
358 1162 613 1250 praebuerunt.
671 1158 778 1227 Multi
802 1156 1028 1226 excutiuntur
1049 1178 1091 1222 ex

103 1264 178 1334 suis
200 1261 445 1344 facultatibus,
476 1263 597 1351 plures
621 1261 721 1329 omni
741 1261 911 1350 dignitate
934 1257 1090 1349 spoliau-

103 1377 197 1446 tur,¹
210 1368 337 1454 magna
354 1389 438 1455 pars
454 1365 563 1432 vitam
583 1363 621 1430 iu
641 1363 742 1431 bellis
762 1361 923 1430 civilibus
946 1358 1091 1441 amittit,

103 1490 170 1534 nec
185 1466 298 1534 ullum
312 1490 422 1557 genus
437 1467 614 1534 malorum
631 1478 703 1546 est,
737 1467 835 1558 quod
859 1486 934 1531 non
956 1483 1090 1550 grasse·

1142 952 1366 1025 collationes:
1408 952 1499 1042 (Vss.
1514 954 1564 1027 29
1580 954 1651 1050 sq.)
1677 960 1749 1025 Nec
1775 957 1959 1046 lachrymis
1979 960 2126 1029 erudelis

1141 1080 1254 1140 amor,
1287 1081 1349 1126 nee
1366 1060 1528 1147 gremino
1546 1061 1652 1142 riuis,
1683 1060 1755 1126 Nec
1774 1061 1906 1157 cylliso
1923 1069 2126 1130 saturantur

1141 1182 1232 1249 opes.
1290 1158 1420 1229 Postea
1445 1158 1544 1226 addit
1565 1172 1708 1230 votum:
1740 1158 1890 1253 Utinam
1913 1161 2035 1230 liceret
2061 1183 2126 1230 vo-

1141 1261 1276 1330 biscum
1292 1260 1330 1328 in
1343 1283 1427 1329 rure
1441 1260 1580 1339 vivere;
1606 1257 1667 1330 htc
1679 1260 1897 1349 significatur
1914 1264 2026 1331 vitam
2050 1262 2125 1355 pri·

1142 1374 1261 1431 vatam
1295 1362 1491 1431 dulciorem
1523 1387 1597 1433 esse
1623 1362 1933 1433 administratione
1945 1365 2126 1457 reipubli-

1142 1486 1215 1533 cae.
1266 1462 1406 1534 Deinde
1430 1465 1622 1557 compellat
1643 1458 1860 1557 Cytheriden
1875 1464 2011 1538 Gallus.
2063 1467 2125 1538 Se-

103 1567 217 1637 turin
234 1568 427 1650 seditione,
460 1581 500 1636 ut
516 1560 742 1658 Thucydides
767 1567 828 1635 lib.
844 1566 880 1634 8.
901 1564 939 1631 in
962 1561 1091 1632 descri-
1142 1565 1265 1658 quitur
1282 1566 1475 1648 correctio,
1509 1567 1546 1634 in
1563 1591 1633 1660 qua
1648 1568 1746 1636 velut
1759 1567 1968 1658 resipiscens
1985 1571 2055 1653 ait,
2087 1582 2125 1640 se'

103 1670 228 1760 ptione
258 1669 442 1738 seditionis
467 1668 687 1760 Corcyraeos
721 1665 903 1760 inquit¹⁷).
968 1666 1089 1734 Altera
1142 1667 1402 1739 medicaturum
1426 1692 1499 1737 esse
1525 1670 1641 1738 amori
1663 1669 1934 1753 venationibus,
1968 1671 2025 1740 vel
2046 1671 2126 1741 aliis

104 1794 187 1861 pars
216 1766 321 1839 huius
346 1768 501 1860 Eclogae
533 1771 680 1860 propria
716 1782 769 1838 est
793 1767 952 1836 Bucolici
986 1790 1091 1855 argu·
1141 1769 1336 1840 laboribus.
1386 1767 1490 1854 Mox,
1514 1772 1766 1841 utestamoris
1786 1772 2045 1857 inconstantia,
2070 1796 2126 1842 re-

104 1870 227 1941 menti.
280 1871 373 1940 Nam
391 1871 484 1939 inea
507 1871 727 1942 inducuntur
748 1883 910 1962 pastores
936 1869 1030 1936 inter
1054 1890 1090 1936 sc
1142 1871 1195 1939 dit
1210 1872 1256 1940 ad
1272 1871 1430 1962 priorem
1448 1874 1652 1967 querelam,
1679 1885 1715 1941 et
1729 1874 1796 1941 ait:
1827 1872 2029 1944 insanabile
2046 1874 2126 1945 vul-

105 1971 322 2042 carmiuibus
343 1984 529 2044 certantes.
587 1972 650 2043 Est
673 1984 792 2043 autem
817 1972 1014 2041 admodum
1040 1981 1092 2036 te·
1142 1995 1220 2043 nus.
1271 1973 1404 2065 Estque
1425 1975 1650 2046 ornatissima
1666 1971 1882 2068 hyperbole,
1909 1978 2006 2070 quod
2023 2001 2126 2045 amor

105 2074 187 2146 uuis
200 2075 351 2143 materia
367 2075 544 2159 subiecta,
577 2087 617 2145 ut
631 2077 681 2146 ita
699 2076 836 2159 dicam,
870 2075 914 2143 de
938 2096 1007 2167 qua
1036 2069 1091 2138 in·
1142 2087 1195 2144 est
1218 2074 1505 2146 immedicabilis:
1540 2075 1617 2169 (Vs.
1635 2075 1715 2173 69.)
1743 2081 1866 2150 Omnia
1890 2083 1996 2151 vineit
2016 2102 2124 2164 amor,

104 2189 159 2245 ter
172 2177 478 2271 secolloquuntur
492 2180 672 2268 pastores,
698 2191 739 2248 ut
764 2178 872 2269 paulo
895 2188 978 2267 post
997 2174 1091 2241 iuter
1142 2187 1174 2246 et
1190 2200 1252 2246 uos
1272 2181 1428 2249 cedamus
1452 2184 1572 2250 amori.
1627 2180 1674 2248 Hi
1699 2181 1770 2248 loci
1794 2205 2001 2252 communes
2022 2204 2126 2273 prae·

106 2279 295 2370 legendum
313 2280 511 2371 apparebit.
1143 2279 1265 2348 sertim
1283 2283 1401 2351 ornati
1418 2283 1456 2349 iu
1472 2281 1646 2352 similibus
1658 2282 1780 2373 figuris
1797 2283 1986 2374 diligenter
2006 2284 2127 2353 obser-

455 2479 670 2588 lilologo
698 2476 753 2562 K

149 2630 475 2718 Argumentum
503 2626 549 2692 in
577 2622 797 2692 decimam
823 2619 1046 2710 Eclogam.

209 2774 379 2865 Virgilius
394 2775 433 2842 in
452 2772 595 2865 Eclogis
607 2773 697 2842 alias
718 2770 903 2863 praedicat
924 2766 1093 2836 beneficia

48 2912 54 2917 ·
106 2882 326 2960 amicorum,
353 2877 440 2945 alias
453 2876 577 2944 laudat
600 2875 755 2956 amicos,
787 2872 875 2941 alias
900 2872 1095 2939 insectatur

105 2981 268 3063 invidos,
295 2977 382 3048 alias
397 2978 563 3068 deplorat
578 2976 670 3045 bella
688 2974 818 3061 civilia.
871 2971 979 3041 Tales
997 2970 1094 3039 enim

106 3082 301 3163 materiae,
327 3080 459 3151 scilicet
475 3081 597 3150 laudes
612 3078 901 3158 benefactorum,
927 3084 988 3141 aut
1003 3072 1095 3141 vitu-

105 3184 310 3277 perationes
327 3182 518 3266 vitiorum,
544 3180 763 3250 conveniunt
777 3175 964 3270 poematis.
998 3174 1096 3242 llaec

106 3297 287 3379 postrema
303 3283 435 3375 Ecloga
451 3295 527 3355 tota
544 3295 596 3355 est
612 3281 777 3378 querela,
802 3283 842 3348 iu
863 3302 932 3372 qua
950 3276 1095 3347 Gallum

109 3412 233 3457 amore
248 3401 283 3457 et
297 3386 474 3458 desiderio
492 3384 695 3480 Cytheridis
704 3381 751 3479 l⁸)
771 3381 923 3452 cruciari
941 3402 1096 3472 conque-

107 3492 219 3574 ritur,
257 3491 355 3586 quod
385 3490 484 3559 illam
515 3514 535 3558 a
561 3488 665 3562 Gallo
684 3486 865 3559 Antonius
888 3483 1095 3553 abduxerat.

109 3592 251 3686 Opinor
273 3605 365 3662 tecte
387 3593 570 3686 deplorari
603 3589 818 3662 discordiam
852 3598 969 3656 ortam
1001 3585 1096 3652 inter

107 3694 308 3764 Antonium
325 3706 361 3764 et
374 3693 584 3785 Augustum.
624 3694 717 3765 Nam
732 3691 855 3760 Gallus
871 3687 1014 3778 utrique
1029 3684 1098 3753 fuit

110 3795 431 3866 coniunctissimus.
483 3797 612 3867 Postea
627 3795 785 3864 divulsus
801 3801 854 3859 est
870 3784 1096 3867 abAntonio‚

109 3911 147 3968 et
162 3907 301 3966 secutus
316 3895 536 3986 Augustum,
558 3898 654 3985 apud
671 3916 777 3987 quem
792 3893 831 3958 in
854 3911 993 3960 summa
1018 3908 1097 3976 gra-

108 4001 161 4069 tia
181 4010 216 4067 et
232 3998 422 4066 autoritate
438 3997 516 4067 luit.
568 3995 702 4087 Estque
714 3989 957 4061 memorabile
982 4012 1098 4057 exem·

107 4102 211 4195 plum
227 4099 362 4170 aulicae
376 4100 553 4169 fortunae.
612 4098 705 4168 Nam
733 4118 813 4163 cum
829 4091 988 4182 Augusto
1013 4089 1098 4161 fuis-

110 4218 164 4277 set
180 4203 498 4285 familiarissimus,
524 4212 644 4268 tamen
662 4199 707 4266 ad
726 4208 921 4267 extremum
938 4194 1038 4262 venit
1058 4193 1097 4261 iu

111 4306 351 4399 suspicionem
375 4302 600 4386 deiectionis,
638 4315 673 4370 et
695 4300 870 4369 iudicatus
896 4308 948 4366 est
974 4291 1097 4379 hostis.

112 4411 234 4502 Quare
260 4410 384 4480 dolens
406 4407 556 4499 Augusti
577 4404 737 4474 animum
768 4425 789 4470 a
819 4424 856 4471 se
888 4399 964 4470 sine
991 4420 1097 4467 causa

113 4513 329 4596 alienatum,
355 4522 504 4602 propter
517 4507 767 4598 indignitatem
780 4503 833 4572 rei
854 4514 1006 4571 mortem
1031 4498 1098 4570 sibi

114 4615 294 4684 conscivit.
345 4614 462 4682 Porro
479 4608 568 4681 haec
582 4610 713 4700 Ecloga
730 4619 782 4678 est
798 4605 996 4695 exemplum
1022 4627 1099 4671 am-

112 4716 360 4808 plificationis,
410 4714 494 4809 quia
533 4714 639 4803 longa
671 4708 940 4780 enumeratione
972 4704 1099 4773 recitat

111 4830 241 4909 poeta,
267 4819 328 4910 qui
342 4815 611 4909 deploraverint
624 4812 779 4884 Gallum.
817 4806 951 4902 Estque
965 4806 1098 4879 inserta

113 4992 321 5008 m

150 5088 199 5147 16)
217 5084 321 5135 Luceni
338 5085 462 5138 Pharssl.
481 5086 510 5149 1,
527 5083 571 5136 tt.

155 5192 199 5254 16)
218 5191 336 5250 uullen]
355 5189 395 5239 sle
412 5189 461 5238 Ed.
475 5187 549 5236 1666.
559 5200 568 5249 ;
591 5182 732 5235 1161666.
750 5179 848 5232 mendo
866 5180 994 5243 typogm
1013 5173 1100 5229 nuuc

152 5294 200 5351 11)
220 5291 340 5356 'lbuoyd
360 5292 408 5353 lli,
426 5288 553 5341 82-86.

151 5393 391 5515 ffliacj’ihmffi']
408 5390 449 5441 ric
465 5386 659 5448 attestata,
684 5383 777 5449 md
813 5383 864 5437 Ed.
884 5380 959 5434 1665.
978 5378 1103 5443 cythre-

199 5477 208 5514 t
237 5478 259 5513 s.

1144 2381 1254 2448 vandi
1270 2394 1372 2464 sunt,
1399 2395 1434 2451 et
1448 2383 1604 2474 insigues
1618 2408 1741 2455 versus
1755 2385 1933 2454 ediscendi
1948 2398 2031 2456 sunt
2048 2408 2130 2455 cum

1144 2494 1293 2569 propter
1307 2504 1364 2551 res
1378 2484 1491 2572 ipsas,
1516 2498 1592 2554 tum
1610 2488 1693 2579 quia
1710 2500 1793 2558 sunt
1817 2489 1978 2581 exempla
2003 2484 2130 2578 ampli-

1144 2580 1350 2649 ficationum
1371 2584 1411 2651 in
1430 2586 1605 2658 oratione.

1441 2765 1577 2836 Aliud
1604 2770 1819 2843 eiusdem.

1246 2896 1396 2969 Generis
1413 2902 1686 2972 demonstrativi
1703 2917 1755 2974 est
1780 2906 1909 2975 oratio.
1962 2907 2132 2978 Continet

1147 2994 1241 3065 enim
1263 3001 1445 3091 querelam
1468 3006 1511 3071 dc
1533 3004 1627 3074 Galli
1653 3029 1776 3075 amore
1804 3018 1837 3074 et
1867 3006 2027 3090 insania,
2067 3006 2132 3102 qui

1146 3092 1318 3191 Cytheriu
1335 3104 1559 3174 meretricem
1576 3110 1758 3199 quandam
1783 3108 2003 3199 deperierat,
2037 3131 2132 3202 quae

1147 3200 1251 3270 Gallo
1282 3218 1402 3294 spreto
1432 3208 1629 3277 Antonium
1660 3209 1699 3277 in
1736 3210 1890 3280 Galliam
1923 3234 2003 3280 cum
2032 3233 2133 3280 exer-

1147 3301 1275 3400 citum)
1303 3308 1585 3396 proficiscentem
1616 3323 1735 3383 secuta
1765 3325 1829 3382 est.
1896 3309 1981 3382 Fuit
2011 3324 2132 3382 autem

1147 3400 1205 3473 hic
1217 3405 1374 3495 primum
1383 3411 1542 3501 Augusto
1554 3412 1697 3484 Caesari
1711 3409 1922 3506 percharus,
1948 3413 2007 3483 cui
2023 3415 2133 3483 etiam

1148 3506 1193 3575 ah¹
1209 3510 1334 3577 eodem
1345 3513 1531 3604 ¹Aegyptus
1545 3516 1732 3606 provincia
1749 3517 2032 3585 administranda
2048 3539 2134 3587 con-

1148 3632 1243 3678 cessa
1272 3623 1335 3682 est.
1392 3613 1528 3684 Verum
1560 3618 1620 3683 ubi
1649 3617 1824 3709 comperit
1843 3617 2024 3705 Augustus
2050 3638 2133 3685 eum

1148 3732 1229 3778 cum
1236 3709 1283 3802 ¹⁰)
1300 3712 1477 3803 aliquibus
1493 3727 1615 3783 contra
1633 3741 1670 3785 se
1688 3720 1904 3799 coniurasse,
1931 3715 2034 3784 eiecit
2048 3741 2132 3786 eum

1147 3811 1248 3879 urbe.
1313 3811 1502 3882 Postremo
1522 3816 1645 3885 multis
1672 3816 1813 3888 iudiciis
1839 3830 1874 3885 et
1896 3808 2134 3889 senatuscon-

1148 3909 1248 3981 sultis
1264 3913 1446 3985 confossus
1460 3916 1604 4000 Gallus,
1628 3919 1773 3987 tandem
1796 3917 1865 3990 sibi
1887 3918 1955 4011 ipsi
1975 3930 2133 3989 mortem

1149 4014 1357 4084 conscivisse
1379 4017 1503 4087 fertur.
1564 4018 1752 4090 Caeterum
1785 4020 1949 4111 perpetui
1976 4033 2012 4088 et
2042 4022 2133 4091 eius-

1148 4118 1229 4187 dem
1248 4121 1447 4207 argumenti
1471 4119 1688 4215 estEcloga,
1720 4123 1842 4193 multis
1865 4118 2053 4199 rhetoricis
2076 4144 2134 4191 ar-

1149 4220 1325 4310 gumentis
1355 4234 1391 4289 et
1417 4221 1538 4313 figuris
1564 4223 1752 4294 illustrata.
1818 4223 1881 4295 Est
1906 4237 2026 4294 autem
2049 4247 2134 4294 con·

1149 4323 1278 4412 scripta
1303 4324 1348 4390 ad
1373 4325 1483 4415 primi
1498 4322 1614 4417 ldyllii
1631 4320 1815 4397 Theocriti
1833 4326 2071 4396 imitationem
2089 4328 2134 4396 de

1150 4420 1362 4515 Daphnide²
1377 4426 1406 4521 ).
1788 4416 1796 4435 ⁸
1823 4412 1830 4427 ⁶

1444 4592 1581 4663 Aliud
1609 4593 1821 4665 ciusdem.

1253 4726 1387 4797 Ultima
1403 4726 1534 4819 Ecloga
1551 4752 1692 4799 amores
1704 4728 1801 4799 Galli
1814 4728 1993 4810 describit,
2019 4737 2054 4793 et
2068 4719 2133 4792 ha-

1151 4832 1210 4900 bet
1226 4844 1368 4922 praeter
1385 4843 1541 4901 caeteras
1555 4833 1684 4901 miram
1698 4831 1886 4900 affectuum
1909 4831 1948 4897 in
1970 4838 2133 4895 amatore

1153 4933 1426 5023 expressionem.
1493 4933 1610 5003 Porro
1639 4932 1707 5001 fuit
1734 4928 1793 5001 hic
1816 4930 1939 5000 Gallus
1969 4926 2133 5020 poetafl)

1151 5091 1347 5105 m

1188 5185 1235 5252 tt)
1254 5189 1390 5248 exercitu]
1409 5187 1451 5236 sic
1468 5185 1553 5236 sditt.
1569 5183 1662 5240 issa..
1679 5181 1771 5244 1593.;
1796 5181 1847 5232 Ed.
1863 5180 1936 5230 1568.
1956 5180 2114 5230 exercitum.

1187 5274 1236 5333 20)
1255 5276 1329 5333 cum]
1346 5273 1388 5322 sic
1404 5273 1488 5321 leuitt.
1507 5269 1598 5330 ibib,
1620 5266 1712 5332 1666.;
1736 5267 1765 5316 iu
1782 5267 1833 5317 Ed.
1850 5264 1925 5317 1668.
1944 5266 2031 5316 deest.

1188 5358 1237 5414 at)
1257 5357 1410 5420 Daphnide]
1430 5353 1682 5415 steatomata,
1702 5352 1793 5417 1593.;
1820 5352 1870 5402 Ed.
1888 5352 1961 5402 1668.
1981 5350 2115 5414 nephins.

1187 5443 1235 5502 ²²)
1253 5442 1351 5493 Gallus
1368 5438 1515 5492 Cornelius
1533 5443 1615 5502 poete
1632 5439 1685 5489 tutt
1701 5438 1801 5490 nobilis
1820 5440 1870 5489 rut
1888 5439 2023 5502 Augusto.
