4762 6008
551 331 654 404 XCII.
712 330 995 405 ENARRATlO
1030 330 1394 403 cottottutatttttt
1427 332 1667 406 TERENTll.

100 340 176 413 698
2044 338 2120 408 694

99 523 228 591 natur,
260 520 295 577 et
316 520 392 575 tum
415 527 502 573 vero
525 503 681 594 placebit
696 501 905 583 Terentius,
930 502 992 570 ubi
1007 525 1083 571 sae·
1131 502 1280 583 dicitur,
1307 504 1404 595 quod
1421 504 1503 573 illiti
1519 505 1676 575 faecibus
1690 506 1867 596 primum,
1895 520 1975 597 post
1998 532 2118 597 perso-

98 612 241 702 pissime
257 606 353 679 hunc
367 619 401 675 et
418 605 597 676 audierint
615 618 649 675 et
664 603 854 695 relegerint
870 604 1031 674 studiosi.
1132 605 1209 673 nati
1233 606 1420 673 canebant.

315 774 377 844 De
403 773 583 864 duplici
610 772 861 842 comoedia.
1284 771 1345 841 De
1371 773 1585 843 utilitate
1611 774 1963 846 comoediarum.

199 908 308 979 Vetus
331 909 515 977 comoedia
536 920 613 977 erat
633 931 778 975 carmen
800 906 983 1001 quoddam
1007 928 1081 973 non
1235 907 1287 977 Ex
1306 909 1457 977 lectione
1484 908 1752 977 comoediarum
1775 908 1937 977 Terentii
1960 911 2117 1001 primum

97 1012 266 1085 dissimile
282 1010 498 1103 tragoediae,
517 1034 589 1103 quo
604 1008 751 1079 liberius
765 1010 978 1078 taxabantur
994 1005 1080 1077 vitia
1132 1012 1285 1100 petenda
1316 1023 1368 1081 εει
1404 1012 1582 1103 quaedam
1617 1010 1718 1102 quasi
1749 1011 1868 1080 tabula
1890 1013 2046 1098 Apellis,
2080 1015 2120 1083 in

94 1112 299 1195 hominum,
323 1125 358 1181 et
376 1108 501 1181 habuit
516 1136 589 1180 non
608 1123 746 1180 tantum
764 1113 843 1180 licta
860 1123 1081 1201 argumenta,
1133 1134 1202 1205 qua
1219 1114 1510 1181 demonstrantur
1526 1111 1646 1180 variae
1661 1111 1822 1202 picturae
1839 1125 1874 1181 et
1886 1114 2119 1186 consiliorum

96 1219 157 1288 sed
171 1217 350 1284 interdum
368 1214 474 1283 etiam
492 1237 548 1283 res
564 1225 699 1302 gestas,
725 1237 818 1306 quae
840 1237 919 1282 cum
943 1235 1081 1293 corum,
1132 1226 1168 1281 et
1185 1226 1376 1283 eventuum
1392 1210 1656 1296 humanorum,
1681 1227 1756 1282 tum
1777 1214 1884 1283 etiam
1905 1217 2117 1303 officiorum,

96 1320 158 1413 qui
173 1328 373 1407 gesserant,
398 1315 545 1385 nomine
569 1315 863 1384 decantabantur.
923 1311 977 1381 lbi
1000 1338 1080 1381 cum
1132 1315 1291 1407 quaein
1319 1338 1611 1409 unamquamque
1641 1316 1830 1405 personam
1868 1341 1931 1387 seu
1961 1331 2114 1389 aetatem

94 1420 257 1514 plerique
274 1443 316 1489 ex
336 1418 451 1508 poetis
473 1442 540 1508 pro
561 1417 709 1485 libidine
732 1418 863 1486 multos
888 1415 995 1483 etiam
1018 1416 1080 1482 bo·
1131 1416 1285 1485 maxime
1300 1418 1443 1487 cadunt.
1495 1415 1635 1485 Deinde
1656 1440 1699 1484 er
1722 1417 1791 1486 illis
1813 1419 1898 1508 ipsis
1922 1421 2118 1493 comoediis

93 1546 161 1592 nos
175 1522 316 1590 laedere
332 1520 550 1611 coepissent,
583 1518 724 1610 penitus
742 1518 923 1587 sublatum
942 1511 1080 1586 esthoc
1131 1530 1301 1607 petuntur
1328 1520 1475 1610 propria
1505 1520 1635 1602 verba,
1674 1532 1710 1587 et
1737 1520 1873 1609 figurae
1892 1518 2014 1591 Latini
2046 1547 2119 1593 ser·

95 1622 263 1693 carminis
289 1645 412 1713 genus.
479 1620 584 1692 Nova
607 1620 793 1690 comoedia
822 1631 897 1687 arte
922 1618 1078 1712 quadam
1131 1621 1260 1690 monis.

95 1736 305 1815 argumenta
322 1722 461 1791 invenit
479 1724 522 1791 de
547 1722 636 1791 lictis
660 1722 839 1814 personis,
876 1721 1005 1814 quibus
1027 1731 1079 1787 ta-

92 1850 177 1895 men
193 1838 365 1919 tanquam
382 1824 535 1893 deveris
553 1826 833 1892 admonerentur
859 1834 1079 1912 spectatores

93 1926 249 1996 civilium
274 1950 436 2007 morum,
469 1926 554 1993 item
577 1921 819 1994 humanorum
846 1924 1077 1993 consiliorum

91 2042 127 2097 et
150 2038 355 2125 eventuum.

91 2193 154 2265 De
169 2190 441 2263 differentia
458 2190 724 2261 comoediae
741 2188 1077 2281 ettragoediae.

194 2325 389 2396 Comoedia
406 2324 524 2391 differt
545 2347 564 2391 a
587 2324 793 2412 tragoedia,
828 2323 926 2416 quod
948 2323 984 2390 in
1006 2336 1078 2391 tra-

92 2428 217 2520 goedia
234 2436 433 2493 tractantur
457 2422 599 2513 negotia
620 2424 824 2513 principum
846 2435 881 2490 ει
905 2423 1079 2516 equitum,

91 2530 131 2597 in
148 2527 333 2597 comoedia
350 2548 437 2592 vero
452 2547 509 2594 res
525 2524 794 2617 quodammodo
813 2522 934 2592 civiles
951 2548 992 2592 ac
1014 2525 1078 2593 do-

1211 1787 1323 1856 Tres
1349 1799 1455 1855 sunt
1481 1786 1629 1856 omnis
1655 1786 1839 1858 fabulae
1866 1804 2031 1881 partes.
2114 1766 2117 1771 .

1233 1915 1427 2018 Πρότασις
1441 1933 1492 1990 εει
1507 1921 1644 2012 primus
1662 1922 1721 1991 ille
1739 1925 1910 1995 tumultus
1925 1927 1998 1997 iam
2015 1931 2119 2022 quasi

1130 2022 1291 2112 gliscens.
1341 2022 1560 2093 Recensetur
1578 2025 1684 2093 etiam
1702 2024 1742 2091 in
1757 2027 1894 2116 protasi
1908 2052 1992 2118 pars
2009 2054 2119 2124 quae-

1130 2125 1452 2215 damargumcnti,
1477 2137 1518 2193 ut
1532 2124 1830 2216 sciatspectator,
1859 2154 1932 2221 quo
1956 2155 2013 2200 res
2036 2157 2118 2223 per-

1129 2226 1254 2295 tineat.
1303 2222 1485 2305 Ἕπίτασις
1502 2227 1612 2296 altera
1638 2251 1721 2319 pars
1747 2242 1819 2310 est,
1852 2229 1889 2298 in
1914 2256 1985 2324 qua
2010 2236 2117 2303 turba

1128 2327 1363 2396 fervidissima
1379 2341 1450 2411 est,
1477 2341 1512 2396 ει
1527 2328 1566 2395 in
1583 2352 1653 2422 qua
1669 2353 1724 2399 res
1740 2329 1778 2399 in
1796 2353 1977 2401 summum
1993 2335 2117 2406 discri-

1129 2450 1213 2496 men
1237 2428 1443 2511 adducitur,
1485 2441 1526 2498 ut
1546 2432 1620 2499 lere
1643 2455 1760 2524 neque
1786 2433 1961 2517 consiliis,
1999 2460 2117 2530 neque

1130 2527 1263 2596 auxilio
1297 2529 1396 2599 locus
1428 2529 1485 2611 sit.
1559 2528 1813 2629 Καταστροφὴ
1845 2535 1961 2604 subita
1993 2561 2117 2609 rerum

91 2630 278 2708 mesticae;
311 2639 386 2696 tum
410 2627 509 2720 quod
532 2625 571 2693 in
594 2624 777 2716 tragoedia
800 2624 966 2716 fugienda
992 2626 1078 2708 vita,
1129 2629 1544 2701 omniumcommutatio
1568 2644 1638 2714 est,
1670 2639 1816 2725 quando
1842 2638 1967 2707 turbae
1990 2663 2115 2714 ornnes

91 2732 131 2800 in
152 2728 337 2801 comoedia
362 2730 574 2818 capessenda
597 2727 825 2819 exprimitur;
866 2727 1076 2795 tumeliam
1128 2732 1320 2814 sedantur,
1354 2744 1389 2800 et
1405 2733 1574 2803 fitlaetus
1591 2733 1643 2801 rei
1659 2734 1790 2819 exitum
1824 2740 1920 2811 unde
1935 2738 2116 2815 Lucienus

93 2835 190 2928 quod
222 2831 339 2901 omnis
369 2831 554 2899 comoedia
585 2832 629 2898 de
662 2828 751 2899 lictis
773 2841 825 2899 εει
847 2828 1078 2920 argumentis,
1129 2833 1310 2923 eleganter
1325 2833 1480 2918 exitum,
1507 2848 1746 2930 eventumque
1763 2841 1919 2932 negotii,
1945 2857 2117 2916 catastro-

91 2934 275 3025 tragoedia
299 2956 404 3022 saepe
429 2933 474 3000 ab
491 2926 659 3002 historica
677 2933 745 3000 lide
761 2932 913 3022 petitur;
941 2944 1077 3022 postre-
1128 2929 1225 3026 phen
1248 2936 1405 3025 appellat
1428 2935 1466 3003 in
1492 2940 1754 3009 commentario
1782 2943 1827 3011 de
1857 2948 2021 3014 mercede
2042 2971 2116 3016 ser-

92 3061 174 3118 mo,
201 3035 298 3128 quod
322 3033 526 3123 tragoediae
551 3028 708 3102 habeant
729 3034 820 3102 laeta
845 3032 1019 3124 principia
1042 3044 1079 3102 ει
1128 3036 1326 3120 viantibus,
1352 3032 1411 3109 tut
1427 3042 1519 3110 πᾶσι
1534 3034 1582 3133 δὴ
1595 3037 1675 3133 ἥτις
1688 3035 1852 3136 adscisci
1873 3043 2117 3144 accompagn)

91 3137 209 3207 tristes
224 3135 357 3218 exitus,
384 3135 590 3205 comoediae
617 3146 736 3204 autem
759 3135 873 3205 tristia
899 3134 1075 3227 principia
1126 3143 1195 3211 τοῦ
1210 3133 1403 3234 δράματος
1415 3135 1578 3236 γίνεται,
1604 3144 1641 3211 id
1659 3156 1731 3226 est,
1757 3157 1839 3234 post
1854 3148 1997 3232 omnia,
2023 3172 2116 3242 quae

94 3250 129 3307 et
143 3240 255 3309 laetos
274 3237 398 3308 exitus.
1127 3240 1282 3332 denique
1304 3240 1373 3308 illis
1400 3237 1626 3331 catastrophe
1647 3244 1788 3313 fabulae
1813 3248 2005 3339 contingit,
2046 3246 2116 3321 hoc

497 3414 506 3431 ,
791 3411 801 3428 ‚
1128 3355 1200 3425 est,
1226 3343 1306 3434 quis
1321 3342 1434 3411 exitus
1449 3344 1597 3414 servitii.
1650 3345 1820 3418 Erasmus
1843 3349 1881 3416 in
1896 3351 2114 3422 Proverbio:

299 3415 359 3485 De
383 3438 566 3483 nomine
593 3412 872 3483 comoediae.
1127 3438 1365 3534 catastrophe
1382 3443 1575 3539 fabulam).

194 3551 288 3642 Quia
320 3549 504 3620 comoedia
534 3547 683 3617 conficta
705 3559 854 3618 estnon
874 3549 1005 3631 modo,
1035 3559 1077 3619 ut

92 3651 264 3720 varietate
280 3675 425 3722 casuum
450 3664 485 3720 et
508 3649 739 3720 consiliorum
762 3650 911 3719 delectet
936 3650 1076 3719 audito-

92 3778 188 3835 rem,
213 3753 274 3823 sed
289 3763 323 3819 et
339 3764 380 3820 ut
396 3775 517 3820 rerum
530 3747 771 3821 humanarum
786 3773 853 3819 nos
867 3753 1075 3829 admoneat;
1230 3743 1320 3813 Cum
1347 3745 1534 3813 comoedia
1563 3745 1680 3815 omnis
1701 3747 1747 3815 sit
1769 3748 1907 3838 pictura
1935 3753 2113 3845 quaedam

93 3877 309 3949 quaequam
326 3853 400 3922 sint
413 3852 569 3920 incertae
586 3850 770 3931 othurae,
797 3850 931 3918 nemini
947 3865 999 3921 εει
1014 3852 1076 3920 ob·
1127 3845 1372 3917 communium
1393 3870 1560 3927 morum,
1587 3849 1748 3939 adeoque
1773 3851 1995 3937 officiorum,
2022 3878 2113 3947 quae

91 3980 247 4028 scutum.
297 3952 356 4023 Fit
370 3966 509 4036 autern,
542 3965 600 4035 ut,
629 3952 692 4044 qui
712 3952 807 4040 apud
829 3974 867 4021 se
889 3952 1077 4043 diligenter
1127 3950 1165 4018 in
1203 3970 1497 4040 unamquamque
1532 3970 1724 4042 personam
1754 3963 1790 4019 et
1818 3965 1971 4022 aetatem
2007 3956 2114 4040 cadit,

92 4057 326 4148 expenderint
355 4068 391 4124 et
425 4051 492 4126 hos
520 4076 620 4126 casus
644 4066 679 4122 et
700 4076 936 4142 personarum
960 4055 1076 4124 officia
1128 4065 1203 4122 turn
1217 4045 1305 4119 haec
1321 4049 1485 4119 Terentii
1499 4050 1618 4121 sabula
1636 4049 1803 4142 inprimis
1826 4055 1872 4123 ad
1894 4079 2037 4126 morum
2059 4059 2114 4127 di·

1331 3607 1393 3677 De
1419 3603 1670 3701 hypothesi
1695 3611 1906 3684 Andriae.

92 4170 129 4231 et
160 4159 328 4240 consilia,
362 4158 538 4228 derebus
567 4152 734 4227 humanis
766 4153 834 4245 ipsi
866 4157 1077 4246 prudentius
1126 4150 1313 4247 sciplinam
1329 4154 1600 4223 accommodata
1614 4164 1697 4225 est.
1729 4152 1794 4225 Est
1816 4155 1910 4225 enim
1935 4161 2112 4251 quaedam
2218 4236 2222 4243 ,

91 4284 236 4356 quoque
256 4260 428 4330 iudicent.
484 4259 620 4330 Errant
643 4258 688 4340 ii,
722 4256 786 4349 qui
809 4270 938 4350 putant
964 4259 1077 4328 animi
1128 4254 1393 4327 commendatio
1409 4253 1550 4327 virtutis
1567 4253 1605 4323 in
1621 4250 1832 4347 Pamphilo,
1866 4259 1965 4331 cuius
1986 4260 2025 4330 in
2044 4258 2114 4334 hoc

93 4363 265 4434 iudicium
302 4362 432 4433 rectius
464 4360 798 4433 iurisconsultorum
828 4359 1078 4452 disputationi·
1127 4370 1341 4451 argumento
1362 4356 1501 4449 primae
1525 4371 1610 4431 sunt
1630 4371 1770 4449 partes,
1804 4361 1965 4455 adeoque
1992 4363 2112 4456 imago

92 4466 180 4549 bus,
199 4475 263 4535 ant
277 4459 575 4556 philosophorum
593 4462 694 4534 libris
707 4463 858 4531 formari
875 4488 984 4558 quarn
1008 4458 1078 4533 hoc
1128 4461 1305 4556 quaedam
1346 4462 1532 4553 proposita
1571 4473 1623 4533 est
1655 4462 1834 4535 moderati
1865 4465 2112 4548 adolescentis,

32 4624 43 4643 .
93 4589 221 4659 genere
253 4566 468 4637 litterarum.
542 4566 684 4636 Nomen
714 4577 834 4635 autem
872 4566 1077 4636 comoediae
1127 4564 1207 4655 plus
1224 4562 1352 4646 etiam,
1374 4587 1482 4657 quam
1506 4563 1562 4633 vel
1584 4574 1682 4634 aetas
1704 4564 1762 4633 vel
1783 4588 1887 4636 amor
1909 4591 2035 4660 sapere
2059 4567 2113 4635 vi-

91 4670 239 4761 proprie
267 4667 445 4760 significat
473 4690 617 4736 carmen
638 4667 849 4751 convivale,
885 4682 1075 4761 propterea
1128 4668 1274 4749 deatur,
1313 4689 1394 4734 cum
1423 4664 1526 4756 tingit
1551 4689 1633 4736 eum
1657 4660 1749 4735 nihil
1773 4665 1965 4758 impotenti
1989 4665 2112 4737 animo

93 4774 211 4865 quod,
235 4771 445 4865 priusquam
464 4793 521 4841 ars
535 4769 681 4839 accessit
696 4779 732 4839 ει
751 4763 973 4839 theatrorum
993 4793 1078 4839 con·
1128 4767 1185 4837 vel
1202 4780 1335 4836 temere
1351 4768 1502 4849 audere,
1522 4770 1584 4837 sed
1600 4769 1638 4836 in
1654 4766 1800 4858 ancipiti
1815 4768 1974 4859 periculo
1990 4781 2114 4839 tamen

91 4875 265 4957 suetudo,
290 4872 421 4965 passim
438 4873 476 4941 in
496 4871 669 4943 conviviis
683 4871 805 4941 iocoso
817 4873 976 4941 carmine
988 4872 1076 4941 vitia
1128 4869 1316 4941 consilium
1343 4864 1533 4954 adhibere,
1568 4881 1604 4939 et
1625 4869 1665 4937 in
1687 4880 2039 4963 utramquepartem
2066 4873 2112 4943 de

91 4974 224 5042 civium
246 4995 267 5041 a
288 4974 473 5044 iuventute
499 4987 616 5044 taxata
639 4988 733 5044 sunt.
787 4970 935 5043 Videtur
957 4986 1076 5044 autem
1128 4972 1245 5042 officio
1271 4995 1337 5042 suo
1362 4971 1519 5062 cogitare
1540 4984 1576 5041 et
1607 4971 1823 5063 expendere,
1863 4983 1905 5040 ut
1931 4972 2047 5063 pietas
2077 4986 2115 5047 et

90 5075 222 5143 lactum
247 5096 380 5145 nornen
402 5071 477 5147 ἀπὸ
499 5083 570 5150 τοῦ
588 5071 741 5167 κε’μου,
775 5070 845 5144 hoc
868 5088 939 5161 εει,
974 5100 1078 5145 aco·
1126 5075 1213 5145 fides
1226 5073 1443 5167 requirebat.
1494 5071 1635 5143 Nullius
1653 5084 1772 5141 autem
1787 5072 1943 5165 amplior
1957 5075 2034 5146 laus
2049 5088 2114 5161 εει,

90 5177 325 5260 messatione,
360 5189 396 5245 et
416 5172 491 5248 ἀπὸ
513 5183 579 5273 τῆς
601 5172 720 5271 ᾠδῆς,
757 5171 827 5245 hoc
850 5189 922 5260 est,
955 5200 1078 5246 acar·
1127 5190 1163 5246 et
1176 5177 1293 5246 maior
1316 5170 1566 5266 pulchritudo,
1598 5198 1706 5270 quam
1731 5175 1979 5262 mediocritas,
2010 5201 2114 5270 prae·

89 5279 208 5362 mine,
239 5290 281 5347 ut
300 5279 347 5348 sit
369 5279 555 5349 comoedia
581 5302 726 5348 carmen
748 5279 934 5350 continens
956 5278 1076 5349 iocum
1126 5278 1250 5350 sertim
1267 5278 1305 5345 in
1319 5276 1388 5349 ista
1407 5288 1543 5360 aetate,
1572 5300 1685 5371 quae,
1711 5277 1795 5371 quia
1817 5278 1983 5368 plurimis
2003 5294 2040 5350 et
2058 5304 2115 5351 rs·

90 5379 324 5450 convivalem.
377 5379 580 5471 Tragoedia
595 5404 615 5448 a
632 5373 786 5481 rpoiyec,
813 5375 881 5450 hoc
898 5394 971 5467 εει,
1004 5382 1078 5451 lae-

90 5505 165 5570 εει,
190 5495 225 5554 ει
240 5477 344 5581 put,
371 5477 441 5551 hoc
460 5495 532 5569 est,
565 5506 723 5556 carmen.
774 5481 868 5553 llinc
892 5484 1075 5577 tragoedia
1159 5514 1192 5572 ε)
1209 5508 1318 5562 cmm
1335 5508 1423 5574 surg.
1442 5505 1540 5612 cartu..
1556 5508 1630 5561 cent
1644 5505 1678 5559 11.
1696 5506 1832 5570 pravas.
