4762 6008
27 4122 36 4127 ·
157 4097 216 4167 ab
230 4098 398 4187 Apolline
414 4124 476 4169 seu
492 4100 594 4182 Sole,
621 4126 691 4192 qua
708 4102 849 4183 laurus,
875 4102 1039 4171 videlicet
1057 4105 1155 4195 quod
1208 4141 1309 4214 Este

55 246 58 251 ’
168 285 243 361 aas
641 247 647 257 ’
743 285 866 358 eun..
900 285 1013 357 unu.
1048 282 1251 356 scelera
1281 281 1618 356 euuouocaca.
2129 281 2208 359 eto

169 459 317 528 doloris.
369 458 556 530 Eiusmodi
573 456 749 551 siquidem
765 457 1030 540 conversiones,
1055 480 1157 548 prae·
1211 480 1321 552 quam
1348 456 1526 525 desiderio
1554 455 1639 525 solis
1668 449 1859 523 contrahat
1884 451 2021 524 florem.
2082 454 2203 530 Huius

171 563 291 631 sertim
313 563 358 627 ad
375 585 431 630 res
448 560 643 642 inanimes,
669 572 752 628 sunt
768 556 865 630 haud
881 559 1058 628 mediocre
1075 583 1159 628 cou—
1211 555 1344 628 herbae
1359 558 1491 629 similes
1514 570 1598 629 sunt
1618 557 1723 626 aulici
1740 549 1972 637 Gnathones,
2014 558 2137 649 quise
2161 560 2203 628 in

170 665 368 733 dimentum
386 662 582 744 suavitatis,
597 684 638 730 ac
655 661 802 731 mirifice
822 663 980 733 alliciunt
996 661 1155 731 animum
1212 661 1378 731 omnibus
1401 662 1507 730 rebus
1532 660 1806 728 accommodant
1834 658 1879 725 ad
1901 656 2121 730 voluntatem
2141 687 2204 732 re-

171 764 326 834 lectoris.
371 786 374 791 ·
1212 786 1309 854 gum,
1334 758 1426 830 nihil
1442 762 1510 832 uisi
1529 765 1574 829 ad
1590 761 1741 850 gratiam
1759 762 1965 854 loquentes;
1993 771 2028 827 el
2040 787 2205 854 quocun-

976 921 981 931 .
1212 889 1281 958 que
1313 864 1458 934 illorum
1490 863 1639 931 inclinat
1671 863 1832 945 animus,
1876 863 2003 930 eodem
2038 864 2205 955 ipsorum

246 941 411 1012 Mam
438 956 481 1012 ⁹¹
507 943 704 1014 venem
730 945 1081 1041 adulteriumffl).
1212 991 1356 1062 quoque
1370 979 1506 1036 mentes
1524 965 1699 1033 inclinant
1715 990 1755 1033 ac
1770 965 2009 1056 propendent.

205 1131 209 1139 -
272 1079 491 1170 Allegoriam
509 1077 614 1152 liuius
630 1080 769 1149 fabulae
785 1080 932 1172 exponit
944 1076 1157 1151 Plutarchus
1551 1153 1560 1170 ·
1801 1152 1809 1168 ι

170 1183 210 1250 in
226 1182 346 1251 libello
366 1185 408 1250 de
427 1183 602 1271 audienda
621 1182 777 1273 poetica;
810 1207 960 1275 eamque
983 1185 1093 1251 refert
1112 1185 1158 1252 ad
1375 1150 1586 1246 D¹¹l¹l¹¹¹¹⁵
1612 1151 1771 1223 Idaeus
1798 1177 1843 1219 ¹¹¹
1869 1177 1979 1222 ΜΠ
1990 1179 2040 1223 ¹¹¹·

172 1309 294 1354 causas
324 1286 564 1375 astrologicas.
625 1284 756 1355 Scribit
789 1284 884 1353 enim
909 1309 970 1354 eos
999 1286 1158 1355 naturali
1259 1285 1339 1358 Vss.
1361 1288 1437 1359 276
1459 1315 1512 1381 sq.
1562 1292 1720 1383 Vulgatas
1749 1300 1859 1375 cano,
1898 1293 2012 1375 dixit,
2052 1298 2204 1380 panau

171 1389 327 1481 quadam
343 1386 574 1455 inclinatione
591 1390 637 1456 ad
655 1387 829 1456 adulteria
847 1411 1047 1478 propensos
1071 1411 1158 1469 esse,
1622 1416 1754 1463 amores

170 1489 210 1557 in
242 1513 396 1583 quorum
427 1489 613 1557 nativitate
640 1489 765 1559 existat
786 1488 909 1560 Venus
934 1515 1016 1560 cum
1040 1488 1157 1557 Marte
1260 1495 1458 1580 Daphnidis
1480 1496 1588 1563 Idaei.

172 1592 383 1673 coniuncta,
419 1614 616 1684 eorumque
641 1591 816 1660 adulteria
842 1592 992 1661 minime
1020 1591 1157 1660 occulta
1312 1609 1379 1679 fflc
1411 1610 1552 1681 videtu„
1583 1611 1621 1678 in
1653 1635 1776 1680 saxum
1809 1623 1987 1694 mutatus,
2030 1636 2073 1682 ρο
2104 1618 2202 1708 quod

171 1694 269 1777 sore,
297 1692 326 1761 si
346 1691 407 1761 Sol
429 1695 623 1764 accesserit.
681 1694 805 1763 Potest
823 1693 933 1763 etiam
957 1717 1158 1763 accommu-
1210 1706 1338 1781 hausto
1369 1714 1498 1802 poculo
1527 1713 1725 1795 amatorio,
1764 1713 1873 1782 luerit
1906 1738 2097 1804 oppressus
2128 1730 2202 1792 stu.

172 1795 253 1863 dari
276 1793 444 1884 allegoria
470 1797 515 1864 ad
538 1820 668 1865 mores.
732 1795 824 1864 Sunt
846 1796 941 1864 enim
968 1797 1158 1865 bellatores
1211 1816 1299 1904 pope
1308 1867 1318 1898 ‚
1338 1814 1453 1907 ,idque
1471 1816 1621 1884 indicari
1640 1812 1696 1884 his
1711 1815 1829 1884 verbis
1850 1814 1946 1909 (Vss.
1964 1815 2039 1888 277
2054 1818 2146 1915 sq.):

171 1896 384 1989 plerumque
403 1898 555 1965 adulteri
572 1910 607 1966 et
620 1908 845 1968 scortatores.
896 1898 970 1968 Nec
990 1899 1079 1968 illud
1102 1920 1159 1965 ca·
1468 1937 1573 2018 Quem
1586 1938 1764 2026 Nymphae
1776 1937 1908 2023 penu-ci,
1923 1941 1980 2006 im

171 2010 226 2066 ret
243 1999 382 2066 ratione
398 1994 564 2091 physica,
598 1999 695 2093 quod
709 1996 831 2068 Venus
853 2010 888 2066 et
907 1999 1004 2069 Mars
1020 2002 1158 2089 fingun·
1264 2037 1411 2106 comm
1426 2041 1465 2107 ,ιη
1477 2063 1620 2108 mm
1646 2050 1763 2109 tantm
1773 2041 1869 2109 dolor
1883 2043 1956 2110 ung
1970 2050 2136 2111 amam,-

146 2112 230 2173 ¹tur
258 2125 294 2169 se
317 2113 442 2169 mutuo
469 2125 602 2171 amare.
660 2100 759 2169 Mars
783 2097 899 2184 enim,
932 2101 1032 2171 cuius
1058 2101 1157 2171 stella
2090 2112 2100 2125 ⁸

170 2201 274 2290 ignea
293 2213 363 2284 est,
390 2202 564 2291 significat
581 2202 757 2285 calorem,
783 2214 817 2270 et
831 2200 953 2273 Venus
969 2199 1157 2272 humorem

171 2313 430 2392 temperatum,
457 2327 475 2370 e
493 2303 621 2394 quibus
637 2304 775 2372 duobus
791 2307 937 2395 [constat
962 2304 1157 2394 generatio.

171 2401 360 2494 Neptunus
378 2416 495 2473 autem
512 2404 640 2494 ligatos
655 2406 778 2484 solvit;
818 2429 903 2473 nam
920 2430 1036 2500 aqua,
1074 2431 1158 2475 con·

171 2507 322 2575 trarium
344 2506 419 2597 igni
436 2505 672 2591 elementum,
699 2506 874 2597 extinguit
891 2508 1060 2579 calorem.

1211 2151 1336 2222 Solent
1363 2156 1458 2224 enim
1488 2171 1649 2228 amantes
1678 2158 1810 2240 iratae,
1851 2153 1919 2227 boc
1942 2161 2053 2228 modo
2079 2158 2201 2233 ulcisci

1211 2256 1410 2327 desertores
1434 2259 1588 2343 amoris,
1628 2272 1668 2329 ut
1692 2261 1846 2329 reddant
1866 2260 2044 2333 eiusmodi
2067 2268 2199 2355 poculo

1212 2381 1272 2427 eos
1285 2360 1447 2450 stupidos
1465 2375 1501 2430 et
1518 2362 1620 2456 quasi
1638 2386 1775 2433 saxeos.

1461 2543 1665 2640 Scython
1692 2548 1944 2642 ambiguus.

387 2689 571 2762 Rh0d03
596 2705 743 2761 amata
772 2717 791 2760 a
820 2692 937 2767 sole,
1263 2677 1341 2775 Vss.
1356 2678 1432 2751 279
1446 2706 1499 2774 sq.
1526 2681 1797 2776 Neetoqaarttt
1821 2670 2039 2778 &quondam
2053 2697 2200 2761 aarum

221 2828 282 2898 Vs.
298 2827 385 2901 204.
412 2833 487 2964 Ner
497 2840 530 2899 te
545 2832 765 2926 Clymeneque
780 2832 976 2927 lidodaaw
984 2830 1044 2929 ω),
1095 2949 1103 2965 ι
1263 2885 1451 2973 Ambiyw
1461 2882 1572 2972 suem
1591 2795 1901 2973 „xxiiam
1918 2886 2070 2977 semim,
2103 2893 2201 2980 Scy.

272 2945 312 3015 ln
330 2944 461 3017 Rhodo
477 2949 592 3018 lnsula
611 2951 732 3019 ferunt
748 2976 820 3020 esse
837 2965 972 3020 tantam
989 2962 1159 3021 serenita-
1621 2992 1712 3060 mon·

84 3044 87 3049 ’
170 3062 243 3119 tem
260 3050 370 3134 coeli,
396 3063 437 3120 ut
451 3065 638 3144 nunquam
655 3075 730 3119 non
748 3053 867 3144 aliqua
883 3066 985 3144 parte
1008 3053 1080 3121 diei
1103 3051 1158 3122 sol

173 3152 425 3240 conspiciatur.
497 3153 590 3221 Hinc
624 3153 770 3241 fingitur
797 3150 946 3226 Rhodus
979 3167 1098 3225 amata
1137 3178 1157 3222 a

172 3249 275 3333 Sole,
300 3253 448 3341 perinde
464 3254 548 3322 acsi
571 3254 651 3345 quis
671 3254 782 3344 fingat
796 3255 976 3329 Prussiam
1004 3283 1023 3325 a
1038 3258 1157 3326 Borea

171 3351 309 3433 amari,
335 3375 376 3420 eo
395 3356 493 3446 quod
508 3353 644 3423 Boreas
660 3355 734 3424 iere
750 3373 922 3447 perpetuo
949 3360 988 3427 in
1012 3358 1079 3429 hac
1100 3383 1158 3428 re-

171 3453 277 3546 gione
300 3453 425 3544 spirat.
1573 3480 1636 3551 De
1664 3483 1783 3554 Celm
1795 3508 1830 3555 0.

270 3636 532 3709 Leucothoe
560 3641 605 3709 in
632 3644 805 3734 virgam
833 3640 1054 3716 thuream.
1260 3611 1585 3719 V²¹⁸·2313‘l9T‘i
1608 3645 1875 3745 lu⁰¹l¹¹⁰2¹¹¹f¹¹⁶
1898 3624 2059 3716 “damma
2092 3646 2198 3718 ‘1⁸⁰¹'-

1623 3726 1702 3794 dam
1715 3723 1880 3812 fidueame
1891 3749 2017 3815 parvo,

1313 3100 1497 3174 Interdum
1521 3106 1570 3175 ita
1587 3108 1721 3178 mutari
1743 3132 1885 3193 sexum,
1914 3120 1954 3178 ut
1974 3106 2030 3176 vir
2054 3132 2097 3177 ex
2121 3134 2200 3180 mn-

1210 3204 1317 3288 liere,
1345 3221 1380 3275 et
1394 3208 1523 3277 mulier
1538 3234 1579 3278 ex
1594 3213 1673 3280 viro
1691 3210 1776 3295 liat,
1802 3208 1964 3311 supraffl)
1988 3213 2124 3284 dictum
2147 3225 2198 3284 est

1210 3307 1249 3376 in
1263 3310 1383 3378 sabula
1398 3310 1570 3382 Tiresiae.

217 3770 280 3845 Vs.
298 3771 386 3847 2⁵4.
432 3780 601 3873 Virpapue
620 3802 683 3952 per
697 3781 812 3870 glebas
833 3783 961 3850 sensim
984 3781 1157 3851 radicibus
1262 3819 1447 3914 mmor),
1474 3827 1557 3894 Μ,

579 3905 620 3951 aa
635 3906 676 3951 aa.

1312 3939 1455 4012 Celmus
1487 3944 1526 4011 in
1558 3946 1786 4013 adamantem
1817 3970 2011 4017 conversus
2039 3948 2197 4040 lingitur,

1329 4040 1478 4137 propter
1506 4046 1619 4115 animi
1645 4046 1812 4117 duritiem
1841 4061 1903 4118 aut
1934 4050 2197 4122 fortitudinem.

1311 4147 1385 4214 nim
1402 4150 1548 4220 adamas
1564 4149 1655 4242 lapis
1679 4151 1840 4220 omnium
1869 4152 2102 4239 durissimus,
2134 4152 2196 4249 qui

1208 4270 1324 4342 neque
1339 4249 1420 4339 igne
1437 4275 1554 4346 neque
1569 4253 1665 4321 ferro
1680 4252 1875 4325 molliatur.

250 3993 371 4065 Arbor
387 3993 561 4068 thurifera
579 4002 700 4067 eadem
718 4000 859 4069 ratione
874 3999 1020 4090 fingitur
1036 4011 1154 4068 amata
1207 4042 1299 4110 forte

169 4201 322 4288 gaudeat
337 4201 425 4270 locis
439 4201 593 4269 maxime
613 4203 763 4292 apricis,
789 4217 824 4272 et
838 4204 930 4272 serat
951 4205 1086 4274 fructus
1109 4205 1154 4273 ad

169 4299 339 4368 salutaria
353 4302 511 4371 remedia
527 4303 645 4374 utiles.

1523 4419 1585 4489 De
1613 4422 1875 4494 Curetibus.

1256 4520 1318 4624 Vs.
1334 4554 1421 4628 282.
1446 4557 1604 4654 largoque
1617 4572 1710 4633 satos
1726 4566 1867 4634 Curetas
1882 4562 1924 4632 ab
1939 4564 2057 4634 imbri.

1307 4673 1473 4761 Curetes,
1501 4679 1563 4772 qui
1588 4694 1623 4750 et
1639 4681 1860 4774 Corybantes
1883 4683 1968 4752 dicti
1991 4697 2097 4769 sunt,
2131 4685 2196 4754 lin·

1205 4788 1337 4868 guntur
1355 4781 1430 4847 nati
1446 4782 1491 4850 ab
1515 4783 1702 4866 imbribus,
1724 4797 1872 4877 propter
1888 4797 2029 4877 gentem
2045 4783 2196 4879 histrio·

1205 4879 1331 4963 nibus,
1363 4883 1495 4954 scurris
1517 4898 1552 4953 et
1575 4886 1801 4958 morionibus
1823 4888 2042 4961 affluentem.
2100 4891 2196 4962 Nam

1205 4985 1311 5075 vulgo
1330 4983 1500 5069 dicimus,
1531 4987 1602 5056 illic
1617 4990 1746 5080 pluisse
1761 4992 1887 5076 fatuis,
1920 4992 1982 5063 ubi
1997 4993 2196 5065 stultorum

337 4504 489 4599 Clytie
513 4508 561 4577 in
587 4504 986 4605 heliotropium⁹¹).

96 4724 105 4735 ι
269 4640 448 4713 Describit
463 4640 531 4713 hac
548 4641 831 4738 metamorphosi
852 4660 1018 4717 naturam
1041 4643 1154 4717 helio·

166 4745 299 4835 tropii,
334 4746 372 4814 in
397 4771 467 4840 qua
493 4743 603 4817 herba
628 4761 748 4819 tantus
772 4762 823 4819 est
844 4774 947 4818 amor
971 4749 1074 4833 solis,
1113 4763 1153 4821 ut

167 4871 248 4916 cum
266 4850 342 4940 ipso
358 4849 640 4942 circumagatur,
675 4864 709 4920 et
724 4876 938 4946 quocunque
953 4878 989 4922 se
1008 4854 1153 4922 verterit

167 4952 241 5033 sol,
282 4954 408 5035 eodem
429 4953 550 5025 flectat
569 4978 761 5036 cacumen;
798 4969 908 5025 noctu
938 4956 1045 5025 etiam
1072 4968 1152 5025 tan·

170 5103 377 5126 ——a

200 5196 250 5263 Ω)
268 5199 347 5251 ⁰v1d·
365 5204 432 5254 uec.
450 5203 500 5267 lv,
520 5204 568 5254 ¹⁷¹
588 5217 647 5268 trr-
1236 5235 1285 5301 os)
1304 5235 1422 5304 coquar]
1441 5236 1690 5304 stauracium,
1721 5239 1810 5304 rosea
1846 5238 1925 5291 ovar.
1942 5241 1993 5292 ra.
2012 5242 2129 5298 muco.
2150 5244 2197 5296 a·

199 5297 248 5363 28)
268 5300 452 5367 Clymeneque
470 5305 653 5370 Rhodosque]
672 5305 713 5354 stc
729 5305 814 5355 natet.
835 5305 927 5371 labb,
947 5303 1042 5370 15594
1071 5304 1151 5361 ovid.
1270 5318 1354 5371 quor.

235 5368 285 5419 Ed
304 5370 411 5419 ttttsct.
430 5371 612 5437 Clymene,
630 5374 791 5428 Rhodusae.
1236 5390 1285 5454 96)
1303 5391 1374 5441 vtde
1392 5403 1478 5453 supra
1495 5406 1519 5454 p.
1535 5393 1596 5443 5³³.

197 5465 248 5532 sc)
268 5471 347 5523 ova.
365 5474 432 5524 nst.
451 5472 502 5538 iv,
519 5474 571 5525 aas
582 5486 640 5539 sqq.
1236 5478 1284 5544 er)
1304 5478 1411 5539 cerm]
1427 5478 1562 5531 sionna.
1578 5480 1669 5546 rasa,
1690 5478 1784 5544 uem
1808 5478 1887 5536 oue
1902 5481 1953 5535 ra
1964 5482 2082 5538 uraca.
2097 5485 2199 5541 cetat.
