<?xml version="1.0" encoding="UTF-8"?>
<!DOCTYPE html PUBLIC "-//W3C//DTD XHTML 1.0 Transitional//EN"
    "http://www.w3.org/TR/xhtml1/DTD/xhtml1-transitional.dtd">
<html xmlns="http://www.w3.org/1999/xhtml" xml:lang="en" lang="en">
 <head>
  <title>
</title>
<meta http-equiv="Content-Type" content="text/html;charset=utf-8" />
  <meta name='ocr-system' content='tesseract 3.04.00' />
  <meta name='ocr-capabilities' content='ocr_page ocr_carea ocr_par ocr_line ocrx_word'/>
</head>
<body>
  <div class='ocr_page' id='page_1' title='image "./philippimelanth03melagoog_0260.png"; bbox 0 0 4762 6008; ppageno 0'>
   <div class='ocr_carea' id='block_1_1' title="bbox 58 319 136 395">
    <p class='ocr_par' dir='ltr' id='par_1_1' title="bbox 58 319 136 395">
     <span class='ocr_line' id='line_1_1' title="bbox 58 319 136 395; baseline -0.051 -1"><span class='ocrx_word' id='word_1_1' title='bbox 58 319 136 395; x_wconf 75' lang='grc'><strong>498</strong></span> 
     </span>
    </p>
   </div>
   <div class='ocr_carea' id='block_1_2' title="bbox 60 483 1049 765">
    <p class='ocr_par' dir='ltr' id='par_1_2' title="bbox 60 483 1049 765">
     <span class='ocr_line' id='line_1_2' title="bbox 160 483 1049 584; baseline 0.012 -30"><span class='ocrx_word' id='word_1_2' title='bbox 160 488 221 563; x_wconf 81' lang='grc' dir='ltr'><strong>νε.</strong></span> <span class='ocrx_word' id='word_1_3' title='bbox 238 487 299 559; x_wconf 76' lang='lat' dir='ltr'><strong>ta.</strong></span> <span class='ocrx_word' id='word_1_4' title='bbox 320 483 468 584; x_wconf 75' lang='lat' dir='ltr'><strong>Aurem]</strong></span> <span class='ocrx_word' id='word_1_5' title='bbox 495 487 612 559; x_wconf 86' lang='lat' dir='ltr'><strong>Mater</strong></span> <span class='ocrx_word' id='word_1_6' title='bbox 626 490 762 583; x_wconf 81' lang='lat' dir='ltr'>alioqui</span> <span class='ocrx_word' id='word_1_7' title='bbox 776 486 884 560; x_wconf 88' lang='lat' dir='ltr'><strong>habet</strong></span> <span class='ocrx_word' id='word_1_8' title='bbox 901 514 1049 582; x_wconf 87' lang='lat' dir='ltr'><strong>magnos</strong></span> 
     </span>
     <span class='ocr_line' id='line_1_3' title="bbox 61 585 1049 672; baseline 0.007 -12"><span class='ocrx_word' id='word_1_9' title='bbox 61 588 236 672; x_wconf 80' lang='lat' dir='ltr'>honores,</span> <span class='ocrx_word' id='word_1_10' title='bbox 284 585 374 659; x_wconf 87' lang='lat' dir='ltr'><strong>mihi</strong></span> <span class='ocrx_word' id='word_1_11' title='bbox 411 604 550 659; x_wconf 89' lang='lat' dir='ltr'><strong>tautum</strong></span> <span class='ocrx_word' id='word_1_12' title='bbox 579 591 750 662; x_wconf 79' lang='lat' dir='ltr'>tribuitur</span> <span class='ocrx_word' id='word_1_13' title='bbox 788 589 906 660; x_wconf 90' lang='lat' dir='ltr'><strong>honor</strong></span> <span class='ocrx_word' id='word_1_14' title='bbox 943 589 1049 667; x_wconf 90' lang='lat' dir='ltr'><strong>huius</strong></span> 
     </span>
     <span class='ocr_line' id='line_1_4' title="bbox 60 717 204 765; baseline 0.014 -4"><span class='ocrx_word' id='word_1_15' title='bbox 60 717 204 765; x_wconf 85' lang='lat' dir='ltr'><strong>mensu.</strong></span> 
     </span>
    </p>
   </div>
   <div class='ocr_carea' id='block_1_3' title="bbox 56 808 1047 1004">
    <p class='ocr_par' dir='ltr' id='par_1_3' title="bbox 56 808 1047 1004">
     <span class='ocr_line' id='line_1_5' title="bbox 157 808 1047 898; baseline 0.003 -21"><span class='ocrx_word' id='word_1_16' title='bbox 157 808 219 880; x_wconf 87' lang='lat' dir='ltr'><strong>Vs.</strong></span> <span class='ocrx_word' id='word_1_17' title='bbox 238 811 298 883; x_wconf 89' lang='grc'><strong>82.</strong></span> <span class='ocrx_word' id='word_1_18' title='bbox 318 814 463 898; x_wconf 69' lang='lat' dir='ltr'><strong>Curua]</strong></span> <span class='ocrx_word' id='word_1_19' title='bbox 488 809 658 880; x_wconf 83' lang='lat' dir='ltr'><strong>Hercules</strong></span> <span class='ocrx_word' id='word_1_20' title='bbox 682 810 850 880; x_wconf 87' lang='lat' dir='ltr'><strong>liberavit</strong></span> <span class='ocrx_word' id='word_1_21' title='bbox 877 808 972 882; x_wconf 79' lang='lat' dir='ltr'><strong>hamc</strong></span> <span class='ocrx_word' id='word_1_22' title='bbox 994 815 1047 881; x_wconf 92' lang='lat' dir='ltr'><strong>lo-</strong></span> 
     </span>
     <span class='ocr_line' id='line_1_6' title="bbox 56 910 1047 1004; baseline -0.002 -21"><span class='ocrx_word' id='word_1_23' title='bbox 56 938 137 983; x_wconf 89' lang='lat' dir='ltr'><strong>cum</strong></span> <span class='ocrx_word' id='word_1_24' title='bbox 161 912 371 983; x_wconf 87' lang='lat' dir='ltr'><strong>latrociniis.</strong></span> <span class='ocrx_word' id='word_1_25' title='bbox 436 912 535 1004; x_wconf 83' lang='lat' dir='ltr'><strong>Ergo</strong></span> <span class='ocrx_word' id='word_1_26' title='bbox 558 914 707 983; x_wconf 90' lang='lat' dir='ltr'><strong>debetur</strong></span> <span class='ocrx_word' id='word_1_27' title='bbox 732 910 821 982; x_wconf 90' lang='lat' dir='ltr'><strong>mihi</strong></span> <span class='ocrx_word' id='word_1_28' title='bbox 838 912 959 983; x_wconf 82' lang='lat' dir='ltr'><strong>Hebae</strong></span> <span class='ocrx_word' id='word_1_29' title='bbox 983 915 1047 982; x_wconf 89' lang='lat' dir='ltr'><strong>ali·</strong></span> 
     </span>
    </p>
   </div>
   <div class='ocr_carea' id='block_1_4' title="bbox 56 1010 284 1110">
    <p class='ocr_par' dir='ltr' id='par_1_4' title="bbox 56 1010 284 1110">
     <span class='ocr_line' id='line_1_7' title="bbox 56 1010 284 1110; baseline 0.009 -29"><span class='ocrx_word' id='word_1_30' title='bbox 56 1017 138 1110; x_wconf 87' lang='lat' dir='ltr'><strong>quis</strong></span> <span class='ocrx_word' id='word_1_31' title='bbox 156 1010 284 1084; x_wconf 91' lang='lat' dir='ltr'><strong>honos.</strong></span> 
     </span>
    </p>
   </div>
   <div class='ocr_carea' id='block_1_5' title="bbox 158 1131 1046 1221">
    <p class='ocr_par' dir='ltr' id='par_1_5' title="bbox 158 1131 1046 1221">
     <span class='ocr_line' id='line_1_8' title="bbox 158 1131 1046 1221; baseline 0.007 -22"><span class='ocrx_word' id='word_1_32' title='bbox 158 1131 219 1203; x_wconf 88' lang='lat' dir='ltr'><strong>Vs.</strong></span> <span class='ocrx_word' id='word_1_33' title='bbox 236 1133 319 1203; x_wconf 90' lang='grc'><strong>101.</strong></span> <span class='ocrx_word' id='word_1_34' title='bbox 347 1136 469 1204; x_wconf 78' lang='lat' dir='ltr'><strong>Prima</strong></span> <span class='ocrx_word' id='word_1_35' title='bbox 491 1137 593 1221; x_wconf 73' lang='lat' dir='ltr'><strong>dien]</strong></span> <span class='ocrx_word' id='word_1_36' title='bbox 619 1132 742 1202; x_wconf 89' lang='lat' dir='ltr'><strong>Prima</strong></span> <span class='ocrx_word' id='word_1_37' title='bbox 765 1136 822 1204; x_wconf 90' lang='lat' dir='ltr'><strong>die</strong></span> <span class='ocrx_word' id='word_1_38' title='bbox 836 1131 930 1204; x_wconf 91' lang='lat' dir='ltr'><strong>lunii</strong></span> <span class='ocrx_word' id='word_1_39' title='bbox 957 1136 1046 1206; x_wconf 92' lang='lat' dir='ltr'><strong>cele-</strong></span> 
     </span>
    </p>
   </div>
   <div class='ocr_carea' id='block_1_6' title="bbox 55 1235 1044 1408">
    <p class='ocr_par' dir='ltr' id='par_1_6' title="bbox 55 1235 1044 1408">
     <span class='ocr_line' id='line_1_9' title="bbox 55 1235 1044 1328; baseline 0.002 -24"><span class='ocrx_word' id='word_1_40' title='bbox 55 1237 182 1305; x_wconf 86' lang='lat' dir='ltr'><strong>bratur</strong></span> <span class='ocrx_word' id='word_1_41' title='bbox 215 1235 343 1304; x_wconf 81' lang='lat' dir='ltr'><strong>festum</strong></span> <span class='ocrx_word' id='word_1_42' title='bbox 381 1235 540 1317; x_wconf 89' lang='lat' dir='ltr'><strong>Cranae,</strong></span> <span class='ocrx_word' id='word_1_43' title='bbox 581 1260 673 1328; x_wconf 92' lang='lat' dir='ltr'><strong>quae</strong></span> <span class='ocrx_word' id='word_1_44' title='bbox 709 1237 893 1306; x_wconf 78' lang='lat' dir='ltr'><strong>colebatur</strong></span> <span class='ocrx_word' id='word_1_45' title='bbox 921 1250 1044 1307; x_wconf 88' lang='lat' dir='ltr'><strong>contra</strong></span> 
     </span>
     <span class='ocr_line' id='line_1_10' title="bbox 56 1337 330 1408; baseline 0.011 -3"><span class='ocrx_word' id='word_1_46' title='bbox 56 1337 330 1408; x_wconf 75' lang='lat' dir='ltr'><strong>incantationes.</strong></span> 
     </span>
    </p>
   </div>
   <div class='ocr_carea' id='block_1_7' title="bbox 47 1448 1046 2864">
    <p class='ocr_par' dir='ltr' id='par_1_7' title="bbox 53 1448 1046 1853">
     <span class='ocr_line' id='line_1_11' title="bbox 156 1448 1045 1552; baseline 0.004 -30"><span class='ocrx_word' id='word_1_47' title='bbox 156 1453 218 1525; x_wconf 83' lang='lat' dir='ltr'><strong>Vs.</strong></span> <span class='ocrx_word' id='word_1_48' title='bbox 235 1456 321 1525; x_wconf 87' lang='grc'><strong>107.</strong></span> <span class='ocrx_word' id='word_1_49' title='bbox 348 1448 570 1552; x_wconf 78' lang='lat' dir='ltr'><strong>Groueu⁸⁶).]</strong></span> <span class='ocrx_word' id='word_1_50' title='bbox 598 1450 671 1526; x_wconf 80' lang='grc' dir='ltr'><strong>ἀπὸ</strong></span> <span class='ocrx_word' id='word_1_51' title='bbox 689 1459 758 1527; x_wconf 82' lang='grc' dir='ltr'><strong>τοῦ</strong></span> <span class='ocrx_word' id='word_1_52' title='bbox 776 1451 938 1552; x_wconf 70' lang='lat' dir='ltr'><strong>aporiam,</strong></span> <span class='ocrx_word' id='word_1_53' title='bbox 966 1479 1045 1548; x_wconf 91' lang='lat' dir='ltr'><strong>per-</strong></span> 
     </span>
     <span class='ocr_line' id='line_1_12' title="bbox 53 1557 1046 1649; baseline 0.005 -24"><span class='ocrx_word' id='word_1_54' title='bbox 53 1557 157 1641; x_wconf 85' lang='lat' dir='ltr'><strong>ficio,</strong></span> <span class='ocrx_word' id='word_1_55' title='bbox 192 1569 414 1639; x_wconf 89' lang='lat' dir='ltr'><strong>maturesco,</strong></span> <span class='ocrx_word' id='word_1_56' title='bbox 456 1581 476 1625; x_wconf 93' lang='lat' dir='ltr'><strong>a</strong></span> <span class='ocrx_word' id='word_1_57' title='bbox 508 1558 827 1627; x_wconf 80' lang='lat' dir='ltr'><strong>maturescentibus</strong></span> <span class='ocrx_word' id='word_1_58' title='bbox 858 1559 1046 1649; x_wconf 88' lang='lat' dir='ltr'><strong>segetibus,</strong></span> 
     </span>
     <span class='ocr_line' id='line_1_13' title="bbox 55 1657 1046 1753; baseline 0.001 -24"><span class='ocrx_word' id='word_1_59' title='bbox 55 1661 152 1753; x_wconf 90' lang='lat' dir='ltr'><strong>quod</strong></span> <span class='ocrx_word' id='word_1_60' title='bbox 167 1660 227 1727; x_wconf 91' lang='lat' dir='ltr'><strong>illa</strong></span> <span class='ocrx_word' id='word_1_61' title='bbox 244 1660 337 1727; x_wconf 92' lang='lat' dir='ltr'><strong>culta</strong></span> <span class='ocrx_word' id='word_1_62' title='bbox 355 1670 427 1740; x_wconf 90' lang='lat' dir='ltr'><strong>est,</strong></span> <span class='ocrx_word' id='word_1_63' title='bbox 453 1670 493 1728; x_wconf 91' lang='lat' dir='ltr'><strong>ut</strong></span> <span class='ocrx_word' id='word_1_64' title='bbox 516 1657 666 1726; x_wconf 81' lang='lat' dir='ltr'><strong>feliciter</strong></span> <span class='ocrx_word' id='word_1_65' title='bbox 690 1671 971 1730; x_wconf 82' lang='lat' dir='ltr'><strong>maturescerent</strong></span> <span class='ocrx_word' id='word_1_66' title='bbox 991 1687 1046 1732; x_wconf 91' lang='lat' dir='ltr'><strong>se·</strong></span> 
     </span>
     <span class='ocr_line' id='line_1_14' title="bbox 54 1760 904 1853; baseline 0.005 -23"><span class='ocrx_word' id='word_1_67' title='bbox 54 1774 168 1853; x_wconf 87' lang='lat' dir='ltr'><strong>getes,</strong></span> <span class='ocrx_word' id='word_1_68' title='bbox 194 1773 289 1831; x_wconf 88' lang='lat' dir='ltr'><strong>etue</strong></span> <span class='ocrx_word' id='word_1_69' title='bbox 307 1760 569 1849; x_wconf 88' lang='lat' dir='ltr'><strong>impedirentur</strong></span> <span class='ocrx_word' id='word_1_70' title='bbox 584 1760 904 1834; x_wconf 89' lang='lat' dir='ltr'><strong>incantationibus.</strong></span> 
     </span>
    </p>

    <p class='ocr_par' dir='ltr' id='par_1_8' title="bbox 47 1876 1045 2864">
     <span class='ocr_line' id='line_1_15' title="bbox 154 1876 1044 1974; baseline 0.004 -30"><span class='ocrx_word' id='word_1_71' title='bbox 154 1876 216 1949; x_wconf 88' lang='lat' dir='ltr'><strong>Vs.</strong></span> <span class='ocrx_word' id='word_1_72' title='bbox 248 1876 332 1950; x_wconf 90' lang='grc'><strong>129.</strong></span> <span class='ocrx_word' id='word_1_73' title='bbox 373 1881 435 1948; x_wconf 88' lang='lat' dir='ltr'><strong>Sic</strong></span> <span class='ocrx_word' id='word_1_74' title='bbox 453 1878 548 1968; x_wconf 79' lang='lat' dir='ltr'><strong>sotus</strong></span> <span class='ocrx_word' id='word_1_75' title='bbox 566 1878 784 1974; x_wconf 51' lang='lat' dir='ltr'><strong>ainamma]</strong></span> <span class='ocrx_word' id='word_1_76' title='bbox 817 1879 928 1972; x_wconf 89' lang='lat' dir='ltr'><strong>Spina</strong></span> <span class='ocrx_word' id='word_1_77' title='bbox 950 1881 1044 1964; x_wconf 91' lang='lat' dir='ltr'><strong>alba,</strong></span> 
     </span>
     <span class='ocr_line' id='line_1_16' title="bbox 55 1976 1044 2074; baseline -0.001 -23"><span class='ocrx_word' id='word_1_78' title='bbox 55 1982 98 2051; x_wconf 89' lang='lat' dir='ltr'><strong>dc</strong></span> <span class='ocrx_word' id='word_1_79' title='bbox 114 2004 184 2074; x_wconf 90' lang='lat' dir='ltr'><strong>qua</strong></span> <span class='ocrx_word' id='word_1_80' title='bbox 202 1976 261 2048; x_wconf 88' lang='lat' dir='ltr'><strong>hic</strong></span> <span class='ocrx_word' id='word_1_81' title='bbox 284 1979 465 2074; x_wconf 91' lang='lat' dir='ltr'><strong>loquitur,</strong></span> <span class='ocrx_word' id='word_1_82' title='bbox 500 1983 684 2051; x_wconf 89' lang='lat' dir='ltr'><strong>arbustum</strong></span> <span class='ocrx_word' id='word_1_83' title='bbox 710 1995 781 2066; x_wconf 92' lang='lat' dir='ltr'><strong>est,</strong></span> <span class='ocrx_word' id='word_1_84' title='bbox 815 1976 950 2053; x_wconf 87' lang='lat' dir='ltr'><strong>habens</strong></span> <span class='ocrx_word' id='word_1_85' title='bbox 972 1985 1044 2051; x_wconf 88' lang='lat' dir='ltr'><strong>vir-</strong></span> 
     </span>
     <span class='ocr_line' id='line_1_17' title="bbox 47 2083 1044 2174; baseline 0.002 -21"><span class='ocrx_word' id='word_1_86' title='bbox 47 2100 116 2174; x_wconf 73' lang='lat' dir='ltr'><strong>‘gas</strong></span> <span class='ocrx_word' id='word_1_87' title='bbox 147 2083 325 2153; x_wconf 89' lang='lat' dir='ltr'><strong>aculeatas</strong></span> <span class='ocrx_word' id='word_1_88' title='bbox 358 2083 465 2152; x_wconf 87' lang='lat' dir='ltr'><strong>rectis</strong></span> <span class='ocrx_word' id='word_1_89' title='bbox 499 2083 650 2167; x_wconf 87' lang='lat' dir='ltr'><strong>aculeis,</strong></span> <span class='ocrx_word' id='word_1_90' title='bbox 692 2097 727 2152; x_wconf 94' lang='lat' dir='ltr'><strong>et</strong></span> <span class='ocrx_word' id='word_1_91' title='bbox 753 2085 918 2155; x_wconf 89' lang='lat' dir='ltr'><strong>rubentia</strong></span> <span class='ocrx_word' id='word_1_92' title='bbox 945 2085 1044 2156; x_wconf 82' lang='lat' dir='ltr'><strong>folia.</strong></span> 
     </span>
     <span class='ocr_line' id='line_1_18' title="bbox 54 2180 1043 2276; baseline 0.003 -23"><span class='ocrx_word' id='word_1_93' title='bbox 54 2184 136 2253; x_wconf 77' lang='lat' dir='ltr'><strong>Atio</strong></span> <span class='ocrx_word' id='word_1_94' title='bbox 157 2184 303 2253; x_wconf 89' lang='lat' dir='ltr'><strong>nomine</strong></span> <span class='ocrx_word' id='word_1_95' title='bbox 326 2180 499 2255; x_wconf 90' lang='lat' dir='ltr'><strong>rhamnus</strong></span> <span class='ocrx_word' id='word_1_96' title='bbox 524 2185 736 2276; x_wconf 90' lang='lat' dir='ltr'><strong>appellatur.</strong></span> <span class='ocrx_word' id='word_1_97' title='bbox 787 2186 963 2257; x_wconf 84' lang='lat' dir='ltr'><strong>Scribitur</strong></span> <span class='ocrx_word' id='word_1_98' title='bbox 981 2212 1043 2256; x_wconf 92' lang='lat' dir='ltr'><strong>au-</strong></span> 
     </span>
     <span class='ocr_line' id='line_1_19' title="bbox 55 2283 1044 2377; baseline -0.001 -21"><span class='ocrx_word' id='word_1_99' title='bbox 55 2300 126 2356; x_wconf 92' lang='lat' dir='ltr'><strong>tem</strong></span> <span class='ocrx_word' id='word_1_100' title='bbox 143 2287 263 2377; x_wconf 87' lang='lat' dir='ltr'><strong>virgas</strong></span> <span class='ocrx_word' id='word_1_101' title='bbox 278 2287 357 2355; x_wconf 89' lang='lat' dir='ltr'><strong>illas</strong></span> <span class='ocrx_word' id='word_1_102' title='bbox 372 2287 443 2354; x_wconf 92' lang='lat' dir='ltr'><strong>vim</strong></span> <span class='ocrx_word' id='word_1_103' title='bbox 467 2283 599 2355; x_wconf 92' lang='lat' dir='ltr'><strong>habere</strong></span> <span class='ocrx_word' id='word_1_104' title='bbox 623 2300 748 2355; x_wconf 91' lang='lat' dir='ltr'><strong>contra</strong></span> <span class='ocrx_word' id='word_1_105' title='bbox 772 2312 908 2357; x_wconf 86' lang='lat' dir='ltr'><strong>venena</strong></span> <span class='ocrx_word' id='word_1_106' title='bbox 932 2300 968 2357; x_wconf 87' lang='lat' dir='ltr'><strong>et</strong></span> <span class='ocrx_word' id='word_1_107' title='bbox 989 2289 1044 2355; x_wconf 91' lang='lat' dir='ltr'><strong>in-</strong></span> 
     </span>
     <span class='ocr_line' id='line_1_20' title="bbox 55 2381 1044 2480; baseline -0.012 -22"><span class='ocrx_word' id='word_1_108' title='bbox 55 2389 288 2458; x_wconf 85' lang='lat' dir='ltr'><strong>cantationes.</strong></span> <span class='ocrx_word' id='word_1_109' title='bbox 339 2385 422 2454; x_wconf 95' lang='lat' dir='ltr'><strong>ldeo</strong></span> <span class='ocrx_word' id='word_1_110' title='bbox 437 2387 619 2456; x_wconf 87' lang='lat' dir='ltr'><strong>Nicander</strong></span> <span class='ocrx_word' id='word_1_111' title='bbox 635 2387 724 2453; x_wconf 85' lang='lat' dir='ltr'><strong>dixit</strong></span> <span class='ocrx_word' id='word_1_112' title='bbox 739 2381 883 2480; x_wconf 78' lang='grc' dir='ltr'><strong>ῥάμνον</strong></span> <span class='ocrx_word' id='word_1_113' title='bbox 901 2381 1044 2470; x_wconf 78' lang='grc' dir='ltr'><em>ἀλεξιά-</em></span> 
     </span>
     <span class='ocr_line' id='line_1_21' title="bbox 54 2484 1045 2587; baseline 0 -31"><span class='ocrx_word' id='word_1_114' title='bbox 54 2516 124 2587; x_wconf 70' lang='grc' dir='ltr'><strong>ρην</strong></span> <span class='ocrx_word' id='word_1_115' title='bbox 132 2542 144 2576; x_wconf 90' lang='grc'><strong><em>,</em></strong></span> <span class='ocrx_word' id='word_1_116' title='bbox 171 2490 268 2582; x_wconf 92' lang='lat' dir='ltr'><strong>quod</strong></span> <span class='ocrx_word' id='word_1_117' title='bbox 284 2487 439 2577; x_wconf 92' lang='lat' dir='ltr'><strong>depellat</strong></span> <span class='ocrx_word' id='word_1_118' title='bbox 453 2486 724 2558; x_wconf 85' lang='lat' dir='ltr'><strong>incantationes.</strong></span> <span class='ocrx_word' id='word_1_119' title='bbox 784 2487 831 2556; x_wconf 81' lang='lat' dir='ltr'><strong>Et</strong></span> <span class='ocrx_word' id='word_1_120' title='bbox 846 2492 890 2557; x_wconf 92' lang='lat' dir='ltr'><strong>de</strong></span> <span class='ocrx_word' id='word_1_121' title='bbox 905 2484 974 2557; x_wconf 92' lang='lat' dir='ltr'><strong>hoc</strong></span> <span class='ocrx_word' id='word_1_122' title='bbox 988 2511 1045 2556; x_wconf 91' lang='lat' dir='ltr'><strong>ar·</strong></span> 
     </span>
     <span class='ocr_line' id='line_1_22' title="bbox 53 2582 1044 2677; baseline -0.004 -15"><span class='ocrx_word' id='word_1_123' title='bbox 53 2594 159 2662; x_wconf 87' lang='lat' dir='ltr'><strong>busto</strong></span> <span class='ocrx_word' id='word_1_124' title='bbox 182 2588 432 2677; x_wconf 87' lang='lat' dir='ltr'><strong>intelligendus</strong></span> <span class='ocrx_word' id='word_1_125' title='bbox 457 2599 509 2658; x_wconf 90' lang='lat' dir='ltr'><strong>est</strong></span> <span class='ocrx_word' id='word_1_126' title='bbox 529 2582 588 2656; x_wconf 92' lang='lat' dir='ltr'><strong>hic</strong></span> <span class='ocrx_word' id='word_1_127' title='bbox 611 2587 711 2658; x_wconf 92' lang='lat' dir='ltr'><strong>locus</strong></span> <span class='ocrx_word' id='word_1_128' title='bbox 734 2588 869 2660; x_wconf 87' lang='lat' dir='ltr'><strong>Ovidii.</strong></span> <span class='ocrx_word' id='word_1_129' title='bbox 921 2588 1044 2658; x_wconf 90' lang='lat' dir='ltr'><strong>Caete-</strong></span> 
     </span>
     <span class='ocr_line' id='line_1_23' title="bbox 54 2686 1044 2783; baseline -0.003 -21"><span class='ocrx_word' id='word_1_130' title='bbox 54 2718 136 2762; x_wconf 89' lang='lat' dir='ltr'><strong>rum</strong></span> <span class='ocrx_word' id='word_1_131' title='bbox 156 2703 259 2760; x_wconf 87' lang='lat' dir='ltr'><strong>estet</strong></span> <span class='ocrx_word' id='word_1_132' title='bbox 280 2691 318 2757; x_wconf 92' lang='lat' dir='ltr'><strong>in</strong></span> <span class='ocrx_word' id='word_1_133' title='bbox 338 2686 531 2759; x_wconf 89' lang='lat' dir='ltr'><strong>herbarum</strong></span> <span class='ocrx_word' id='word_1_134' title='bbox 556 2713 685 2781; x_wconf 86' lang='lat' dir='ltr'><strong>genere</strong></span> <span class='ocrx_word' id='word_1_135' title='bbox 709 2692 812 2783; x_wconf 90' lang='lat' dir='ltr'><strong>spina</strong></span> <span class='ocrx_word' id='word_1_136' title='bbox 836 2692 938 2775; x_wconf 93' lang='lat' dir='ltr'><strong>alba,</strong></span> <span class='ocrx_word' id='word_1_137' title='bbox 970 2715 1044 2760; x_wconf 92' lang='lat' dir='ltr'><strong>non</strong></span> 
     </span>
     <span class='ocr_line' id='line_1_24' title="bbox 55 2788 701 2864; baseline 0.002 -2"><span class='ocrx_word' id='word_1_138' title='bbox 55 2795 209 2864; x_wconf 90' lang='lat' dir='ltr'><strong>multum</strong></span> <span class='ocrx_word' id='word_1_139' title='bbox 228 2791 409 2862; x_wconf 89' lang='lat' dir='ltr'><strong>dissimilis</strong></span> <span class='ocrx_word' id='word_1_140' title='bbox 426 2788 701 2863; x_wconf 86' lang='lat' dir='ltr'><strong>chamaeleonti.</strong></span> 
     </span>
    </p>
   </div>
   <div class='ocr_carea' id='block_1_8' title="bbox 158 2911 1044 3008">
    <p class='ocr_par' dir='ltr' id='par_1_9' title="bbox 158 2911 1044 3008">
     <span class='ocr_line' id='line_1_25' title="bbox 158 2911 1044 3008; baseline 0.006 -30"><span class='ocrx_word' id='word_1_141' title='bbox 158 2912 218 2983; x_wconf 88' lang='lat' dir='ltr'><strong>Vs.</strong></span> <span class='ocrx_word' id='word_1_142' title='bbox 245 2911 329 2984; x_wconf 85' lang='grc'><strong>198.</strong></span> <span class='ocrx_word' id='word_1_143' title='bbox 375 2918 422 2983; x_wconf 87' lang='lat' dir='ltr'><strong>Te</strong></span> <span class='ocrx_word' id='word_1_144' title='bbox 442 2915 598 3008; x_wconf 75' lang='lat' dir='ltr'><strong>quoque]</strong></span> <span class='ocrx_word' id='word_1_145' title='bbox 632 2911 777 2982; x_wconf 85' lang='lat' dir='ltr'><strong>Festum</strong></span> <span class='ocrx_word' id='word_1_146' title='bbox 810 2912 1044 3002; x_wconf 87' lang='lat' dir='ltr'><strong>tempestatis,</strong></span> 
     </span>
    </p>
   </div>
   <div class='ocr_carea' id='block_1_9' title="bbox 55 3013 1123 3113">
    <p class='ocr_par' dir='ltr' id='par_1_10' title="bbox 55 3013 1123 3113">
     <span class='ocr_line' id='line_1_26' title="bbox 55 3013 1123 3113; baseline -0.005 -25"><span class='ocrx_word' id='word_1_147' title='bbox 55 3041 148 3113; x_wconf 88' lang='lat' dir='ltr'><strong>quae</strong></span> <span class='ocrx_word' id='word_1_148' title='bbox 172 3017 375 3098; x_wconf 88' lang='lat' dir='ltr'><strong>colebatur,</strong></span> <span class='ocrx_word' id='word_1_149' title='bbox 409 3016 507 3108; x_wconf 91' lang='lat' dir='ltr'><strong>quod</strong></span> <span class='ocrx_word' id='word_1_150' title='bbox 537 3014 655 3084; x_wconf 90' lang='lat' dir='ltr'><strong>classis</strong></span> <span class='ocrx_word' id='word_1_151' title='bbox 680 3013 820 3083; x_wconf 89' lang='lat' dir='ltr'><strong>Claudii</strong></span> <span class='ocrx_word' id='word_1_152' title='bbox 852 3027 943 3084; x_wconf 89' lang='lat' dir='ltr'><strong>esset</strong></span> <span class='ocrx_word' id='word_1_153' title='bbox 972 3040 1044 3085; x_wconf 91' lang='lat' dir='ltr'><strong>ser·</strong></span> <span class='ocrx_word' id='word_1_154' title='bbox 1114 3050 1123 3066; x_wconf 94' lang='lat'><strong>·</strong></span> 
     </span>
    </p>
   </div>
   <div class='ocr_carea' id='block_1_10' title="bbox 54 3116 969 3202">
    <p class='ocr_par' dir='ltr' id='par_1_11' title="bbox 54 3116 969 3202">
     <span class='ocr_line' id='line_1_27' title="bbox 54 3116 969 3202; baseline -0.001 -13"><span class='ocrx_word' id='word_1_155' title='bbox 54 3132 158 3202; x_wconf 90' lang='lat' dir='ltr'><strong>vata,</strong></span> <span class='ocrx_word' id='word_1_156' title='bbox 185 3120 269 3188; x_wconf 91' lang='lat' dir='ltr'><strong>dum</strong></span> <span class='ocrx_word' id='word_1_157' title='bbox 288 3118 467 3186; x_wconf 89' lang='lat' dir='ltr'><strong>traiiceret</strong></span> <span class='ocrx_word' id='word_1_158' title='bbox 482 3141 523 3186; x_wconf 82' lang='lat' dir='ltr'><strong>ex</strong></span> <span class='ocrx_word' id='word_1_159' title='bbox 539 3116 681 3188; x_wconf 88' lang='lat' dir='ltr'><strong>Corsica</strong></span> <span class='ocrx_word' id='word_1_160' title='bbox 699 3116 738 3184; x_wconf 93' lang='lat' dir='ltr'><strong>in</strong></span> <span class='ocrx_word' id='word_1_161' title='bbox 753 3116 969 3188; x_wconf 88' lang='lat' dir='ltr'><strong>Sardiniam.</strong></span> 
     </span>
    </p>
   </div>
   <div class='ocr_carea' id='block_1_11' title="bbox 56 3233 1045 3457">
    <p class='ocr_par' dir='ltr' id='par_1_12' title="bbox 56 3233 1045 3457">
     <span class='ocr_line' id='line_1_28' title="bbox 158 3233 1045 3330; baseline -0.002 -27"><span class='ocrx_word' id='word_1_162' title='bbox 158 3238 217 3309; x_wconf 88' lang='lat' dir='ltr'><strong>Vs.</strong></span> <span class='ocrx_word' id='word_1_163' title='bbox 247 3239 331 3308; x_wconf 90' lang='grc'><strong>197.</strong></span> <span class='ocrx_word' id='word_1_164' title='bbox 374 3241 514 3310; x_wconf 81' lang='lat' dir='ltr'><strong>Postera</strong></span> <span class='ocrx_word' id='word_1_165' title='bbox 546 3239 638 3330; x_wconf 67' lang='lat' dir='ltr'><strong>lum]</strong></span> <span class='ocrx_word' id='word_1_166' title='bbox 682 3237 845 3306; x_wconf 89' lang='lat' dir='ltr'><strong>Secundo</strong></span> <span class='ocrx_word' id='word_1_167' title='bbox 870 3237 927 3306; x_wconf 91' lang='lat' dir='ltr'><strong>die</strong></span> <span class='ocrx_word' id='word_1_168' title='bbox 950 3233 1045 3306; x_wconf 91' lang='lat' dir='ltr'><strong>Iunii</strong></span> 
     </span>
     <span class='ocr_line' id='line_1_29' title="bbox 56 3336 1044 3457; baseline -0.002 -47"><span class='ocrx_word' id='word_1_169' title='bbox 56 3341 198 3435; x_wconf 86' lang='lat' dir='ltr'><strong>Hyades</strong></span> <span class='ocrx_word' id='word_1_170' title='bbox 232 3342 397 3410; x_wconf 88' lang='lat' dir='ltr'><strong>oriuntur</strong></span> <span class='ocrx_word' id='word_1_171' title='bbox 429 3336 574 3412; x_wconf 89' lang='lat' dir='ltr'><strong>heliace.</strong></span> <span class='ocrx_word' id='word_1_172' title='bbox 652 3338 729 3409; x_wconf 89' lang='lat' dir='ltr'><strong>Etsi</strong></span> <span class='ocrx_word' id='word_1_173' title='bbox 758 3339 852 3408; x_wconf 92' lang='lat' dir='ltr'><strong>enim</strong></span> <span class='ocrx_word' id='word_1_174' title='bbox 881 3341 1044 3457; x_wconf 78' lang='lat' dir='ltr'><strong>nondum</strong></span> 
     </span>
    </p>
   </div>
   <div class='ocr_carea' id='block_1_12' title="bbox 56 3441 1045 3641">
    <p class='ocr_par' dir='ltr' id='par_1_13' title="bbox 56 3441 1045 3641">
     <span class='ocr_line' id='line_1_30' title="bbox 56 3441 1045 3536; baseline -0.007 -22"><span class='ocrx_word' id='word_1_175' title='bbox 56 3446 190 3515; x_wconf 90' lang='lat' dir='ltr'><strong>distant</strong></span> <span class='ocrx_word' id='word_1_176' title='bbox 212 3445 351 3536; x_wconf 90' lang='lat' dir='ltr'><strong>integro</strong></span> <span class='ocrx_word' id='word_1_177' title='bbox 375 3443 477 3534; x_wconf 91' lang='lat' dir='ltr'><strong>siguo</strong></span> <span class='ocrx_word' id='word_1_178' title='bbox 501 3469 519 3511; x_wconf 94' lang='lat' dir='ltr'><strong>a</strong></span> <span class='ocrx_word' id='word_1_179' title='bbox 544 3444 637 3526; x_wconf 89' lang='lat' dir='ltr'><strong>sole,</strong></span> <span class='ocrx_word' id='word_1_180' title='bbox 678 3455 797 3512; x_wconf 92' lang='lat' dir='ltr'><strong>tamen</strong></span> <span class='ocrx_word' id='word_1_181' title='bbox 823 3441 906 3536; x_wconf 91' lang='lat' dir='ltr'><strong>quia</strong></span> <span class='ocrx_word' id='word_1_182' title='bbox 929 3443 1045 3512; x_wconf 85' lang='lat' dir='ltr'><strong>Taurr</strong></span> 
     </span>
     <span class='ocr_line' id='line_1_31' title="bbox 58 3547 930 3641; baseline -0.002 -25"><span class='ocrx_word' id='word_1_183' title='bbox 58 3559 157 3618; x_wconf 91' lang='lat' dir='ltr'><strong>ortus</strong></span> <span class='ocrx_word' id='word_1_184' title='bbox 174 3561 226 3618; x_wconf 85' lang='lat' dir='ltr'><strong>est</strong></span> <span class='ocrx_word' id='word_1_185' title='bbox 244 3548 444 3641; x_wconf 85' lang='lat' dir='ltr'><strong>obliquior,</strong></span> <span class='ocrx_word' id='word_1_186' title='bbox 471 3548 573 3617; x_wconf 88' lang='lat' dir='ltr'><strong>citius</strong></span> <span class='ocrx_word' id='word_1_187' title='bbox 587 3547 625 3614; x_wconf 92' lang='lat' dir='ltr'><strong>in</strong></span> <span class='ocrx_word' id='word_1_188' title='bbox 645 3557 726 3615; x_wconf 88' lang='lat' dir='ltr'><strong>ortu</strong></span> <span class='ocrx_word' id='word_1_189' title='bbox 743 3557 930 3636; x_wconf 87' lang='lat' dir='ltr'><strong>apparent.</strong></span> 
     </span>
    </p>
   </div>
   <div class='ocr_carea' id='block_1_13' title="bbox 55 3662 1046 3960">
    <p class='ocr_par' dir='ltr' id='par_1_14' title="bbox 55 3662 1046 3960">
     <span class='ocr_line' id='line_1_32' title="bbox 158 3662 1046 3756; baseline -0.002 -23"><span class='ocrx_word' id='word_1_190' title='bbox 158 3665 221 3737; x_wconf 89' lang='lat' dir='ltr'><strong>Vs.</strong></span> <span class='ocrx_word' id='word_1_191' title='bbox 236 3667 324 3741; x_wconf 95' lang='grc'><strong>206.</strong></span> <span class='ocrx_word' id='word_1_192' title='bbox 349 3674 429 3739; x_wconf 87' lang='lat' dir='ltr'><strong>Nou</strong></span> <span class='ocrx_word' id='word_1_193' title='bbox 449 3691 575 3755; x_wconf 79' lang='lat' dir='ltr'><strong>parvae</strong></span> <span class='ocrx_word' id='word_1_194' title='bbox 598 3666 724 3756; x_wconf 71' lang='lat' dir='ltr'><strong>notae]</strong></span> <span class='ocrx_word' id='word_1_195' title='bbox 753 3664 922 3731; x_wconf 88' lang='lat' dir='ltr'><strong>movendi</strong></span> <span class='ocrx_word' id='word_1_196' title='bbox 940 3662 1046 3731; x_wconf 91' lang='lat' dir='ltr'><strong>bella.</strong></span> 
     </span>
     <span class='ocr_line' id='line_1_33' title="bbox 57 3765 1045 3846; baseline -0.012 -5"><span class='ocrx_word' id='word_1_197' title='bbox 57 3773 114 3841; x_wconf 82' lang='lat' dir='ltr'><strong>Ad</strong></span> <span class='ocrx_word' id='word_1_198' title='bbox 132 3769 230 3837; x_wconf 91' lang='lat' dir='ltr'><strong>illam</strong></span> <span class='ocrx_word' id='word_1_199' title='bbox 248 3770 452 3837; x_wconf 88' lang='lat' dir='ltr'><strong>columnam</strong></span> <span class='ocrx_word' id='word_1_200' title='bbox 477 3766 757 3837; x_wconf 89' lang='lat' dir='ltr'><strong>denuntiabatur</strong></span> <span class='ocrx_word' id='word_1_201' title='bbox 780 3765 933 3846; x_wconf 83' lang='lat' dir='ltr'><strong>bellurn,</strong></span> <span class='ocrx_word' id='word_1_202' title='bbox 965 3786 1045 3830; x_wconf 87' lang='lat' dir='ltr'><strong>curu</strong></span> 
     </span>
     <span class='ocr_line' id='line_1_34' title="bbox 55 3865 1046 3960; baseline -0.011 -17"><span class='ocrx_word' id='word_1_203' title='bbox 55 3873 222 3944; x_wconf 87' lang='lat' dir='ltr'><strong>sacerdos</strong></span> <span class='ocrx_word' id='word_1_204' title='bbox 253 3881 508 3960; x_wconf 88' lang='lat' dir='ltr'><strong>contorqueret</strong></span> <span class='ocrx_word' id='word_1_205' title='bbox 539 3865 678 3937; x_wconf 85' lang='lat' dir='ltr'><strong>hastam</strong></span> <span class='ocrx_word' id='word_1_206' title='bbox 710 3888 831 3935; x_wconf 87' lang='lat' dir='ltr'><strong>versus</strong></span> <span class='ocrx_word' id='word_1_207' title='bbox 864 3865 1046 3954; x_wconf 83' lang='lat' dir='ltr'><strong>regionem</strong></span> 
     </span>
    </p>
   </div>
   <div class='ocr_carea' id='block_1_14' title="bbox 57 3972 229 4041">
    <p class='ocr_par' dir='ltr' id='par_1_15' title="bbox 57 3972 229 4041">
     <span class='ocr_line' id='line_1_35' title="bbox 57 3972 229 4041; baseline -0.012 0"><span class='ocrx_word' id='word_1_208' title='bbox 57 3972 229 4041; x_wconf 89' lang='lat' dir='ltr'><strong>hostium.</strong></span> 
     </span>
    </p>
   </div>
   <div class='ocr_carea' id='block_1_15' title="bbox 58 4080 1049 4516">
    <p class='ocr_par' dir='ltr' id='par_1_16' title="bbox 58 4080 1048 4282">
     <span class='ocr_line' id='line_1_36' title="bbox 161 4080 1048 4183; baseline -0.001 -30"><span class='ocrx_word' id='word_1_209' title='bbox 161 4085 221 4158; x_wconf 88' lang='lat' dir='ltr'><strong>Vs.</strong></span> <span class='ocrx_word' id='word_1_210' title='bbox 239 4086 325 4161; x_wconf 83' lang='grc'><strong>287.</strong></span> <span class='ocrx_word' id='word_1_211' title='bbox 356 4080 557 4183; x_wconf 71' lang='grc'><strong>7111111911]</strong></span> <span class='ocrx_word' id='word_1_212' title='bbox 582 4081 648 4152; x_wconf 93' lang='lat' dir='ltr'><strong>lllo</strong></span> <span class='ocrx_word' id='word_1_213' title='bbox 673 4085 730 4152; x_wconf 91' lang='lat' dir='ltr'><strong>die</strong></span> <span class='ocrx_word' id='word_1_214' title='bbox 754 4086 844 4153; x_wconf 88' lang='lat' dir='ltr'><strong>fiunt</strong></span> <span class='ocrx_word' id='word_1_215' title='bbox 864 4084 1048 4176; x_wconf 89' lang='lat' dir='ltr'><strong>piscatorii</strong></span> 
     </span>
     <span class='ocr_line' id='line_1_37' title="bbox 58 4188 447 4282; baseline -0.013 -20"><span class='ocrx_word' id='word_1_216' title='bbox 58 4192 134 4262; x_wconf 90' lang='lat' dir='ltr'><strong>ludi</strong></span> <span class='ocrx_word' id='word_1_217' title='bbox 151 4191 189 4259; x_wconf 91' lang='lat' dir='ltr'><strong>in</strong></span> <span class='ocrx_word' id='word_1_218' title='bbox 204 4191 283 4282; x_wconf 90' lang='lat' dir='ltr'><strong>ripa</strong></span> <span class='ocrx_word' id='word_1_219' title='bbox 304 4188 447 4282; x_wconf 88' lang='lat' dir='ltr'><strong>Tybris.</strong></span> 
     </span>
    </p>

    <p class='ocr_par' dir='ltr' id='par_1_17' title="bbox 161 4305 738 4394">
     <span class='ocr_line' id='line_1_38' title="bbox 161 4305 738 4394; baseline 0 -18"><span class='ocrx_word' id='word_1_220' title='bbox 161 4310 222 4381; x_wconf 90' lang='lat' dir='ltr'><strong>Vs.</strong></span> <span class='ocrx_word' id='word_1_221' title='bbox 240 4307 328 4383; x_wconf 84' lang='grc'><strong>248.</strong></span> <span class='ocrx_word' id='word_1_222' title='bbox 354 4309 538 4394; x_wconf 66' lang='lat' dir='ltr'><strong>comatae]</strong></span> <span class='ocrx_word' id='word_1_223' title='bbox 567 4305 738 4376; x_wconf 89' lang='lat' dir='ltr'><strong>Marcelli.</strong></span> 
     </span>
    </p>

    <p class='ocr_par' dir='ltr' id='par_1_18' title="bbox 162 4420 1049 4516">
     <span class='ocr_line' id='line_1_39' title="bbox 162 4420 1049 4516; baseline -0.011 -16"><span class='ocrx_word' id='word_1_224' title='bbox 162 4426 223 4499; x_wconf 90' lang='lat' dir='ltr'><strong>Vs.</strong></span> <span class='ocrx_word' id='word_1_225' title='bbox 240 4426 328 4502; x_wconf 86' lang='grc'><strong>249.</strong></span> <span class='ocrx_word' id='word_1_226' title='bbox 358 4425 532 4516; x_wconf 72' lang='lat' dir='ltr'><strong>operato]</strong></span> <span class='ocrx_word' id='word_1_227' title='bbox 559 4422 778 4516; x_wconf 91' lang='lat' dir='ltr'><strong>Operantia,</strong></span> <span class='ocrx_word' id='word_1_228' title='bbox 802 4420 1049 4490; x_wconf 82' lang='lat' dir='ltr'><strong>sacrificantia.</strong></span> 
     </span>
    </p>
   </div>
   <div class='ocr_carea' id='block_1_16' title="bbox 59 4523 1047 4721">
    <p class='ocr_par' dir='ltr' id='par_1_19' title="bbox 59 4523 1047 4721">
     <span class='ocr_line' id='line_1_40' title="bbox 60 4523 1047 4617; baseline -0.012 -15"><span class='ocrx_word' id='word_1_229' title='bbox 60 4531 196 4602; x_wconf 87' lang='lat' dir='ltr'><strong>Omnes</strong></span> <span class='ocrx_word' id='word_1_230' title='bbox 224 4544 360 4599; x_wconf 87' lang='lat' dir='ltr'><strong>veteres</strong></span> <span class='ocrx_word' id='word_1_231' title='bbox 382 4527 510 4596; x_wconf 87' lang='lat' dir='ltr'><strong>Graeci</strong></span> <span class='ocrx_word' id='word_1_232' title='bbox 542 4539 578 4596; x_wconf 93' lang='lat' dir='ltr'><strong>et</strong></span> <span class='ocrx_word' id='word_1_233' title='bbox 598 4524 719 4594; x_wconf 87' lang='lat' dir='ltr'><strong>Latini</strong></span> <span class='ocrx_word' id='word_1_234' title='bbox 741 4537 963 4617; x_wconf 89' lang='lat' dir='ltr'><strong>usurparunt</strong></span> <span class='ocrx_word' id='word_1_235' title='bbox 987 4523 1047 4591; x_wconf 91' lang='lat' dir='ltr'><strong>illa</strong></span> 
     </span>
     <span class='ocr_line' id='line_1_41' title="bbox 59 4629 826 4721; baseline -0.009 -19"><span class='ocrx_word' id='word_1_236' title='bbox 59 4636 187 4704; x_wconf 86' lang='lat' dir='ltr'><strong>verba:</strong></span> <span class='ocrx_word' id='word_1_237' title='bbox 214 4634 327 4716; x_wconf 81' lang='lat' dir='ltr'><strong>facio,</strong></span> <span class='ocrx_word' id='word_1_238' title='bbox 355 4652 505 4721; x_wconf 92' lang='lat' dir='ltr'><strong>operor,</strong></span> <span class='ocrx_word' id='word_1_239' title='bbox 532 4653 598 4720; x_wconf 93' lang='lat' dir='ltr'><strong>pro</strong></span> <span class='ocrx_word' id='word_1_240' title='bbox 615 4629 826 4699; x_wconf 85' lang='lat' dir='ltr'><strong>sacrificare.</strong></span> 
     </span>
    </p>
   </div>
   <div class='ocr_carea' id='block_1_17' title="bbox 58 4742 1048 4936">
    <p class='ocr_par' dir='ltr' id='par_1_20' title="bbox 58 4742 1048 4936">
     <span class='ocr_line' id='line_1_42' title="bbox 162 4742 1047 4842; baseline -0.018 -17"><span class='ocrx_word' id='word_1_241' title='bbox 162 4753 221 4824; x_wconf 83' lang='lat' dir='ltr'><strong>Vs.</strong></span> <span class='ocrx_word' id='word_1_242' title='bbox 232 4753 319 4828; x_wconf 88' lang='grc'><strong>268.</strong></span> <span class='ocrx_word' id='word_1_243' title='bbox 347 4748 582 4842; x_wconf 74' lang='lat' dir='ltr'><strong>Significant]</strong></span> <span class='ocrx_word' id='word_1_244' title='bbox 599 4747 696 4818; x_wconf 85' lang='lat' dir='ltr'><strong>Sicut</strong></span> <span class='ocrx_word' id='word_1_245' title='bbox 712 4760 805 4815; x_wconf 86' lang='lat' dir='ltr'><strong>terra</strong></span> <span class='ocrx_word' id='word_1_246' title='bbox 824 4742 933 4814; x_wconf 91' lang='lat' dir='ltr'><strong>habet</strong></span> <span class='ocrx_word' id='word_1_247' title='bbox 946 4765 1047 4814; x_wconf 90' lang='lat' dir='ltr'><strong>suam</strong></span> 
     </span>
     <span class='ocr_line' id='line_1_43' title="bbox 58 4846 1048 4936; baseline -0.017 -6"><span class='ocrx_word' id='word_1_248' title='bbox 58 4857 180 4930; x_wconf 89' lang='lat' dir='ltr'><strong>sedem</strong></span> <span class='ocrx_word' id='word_1_249' title='bbox 206 4856 245 4926; x_wconf 90' lang='lat' dir='ltr'><strong>in</strong></span> <span class='ocrx_word' id='word_1_250' title='bbox 270 4855 389 4925; x_wconf 91' lang='lat' dir='ltr'><strong>medio</strong></span> <span class='ocrx_word' id='word_1_251' title='bbox 413 4852 560 4936; x_wconf 90' lang='lat' dir='ltr'><strong>mundi,</strong></span> <span class='ocrx_word' id='word_1_252' title='bbox 593 4850 642 4920; x_wconf 86' lang='lat' dir='ltr'><strong>sic</strong></span> <span class='ocrx_word' id='word_1_253' title='bbox 666 4850 765 4919; x_wconf 84' lang='lat' dir='ltr'><strong>locus</strong></span> <span class='ocrx_word' id='word_1_254' title='bbox 790 4846 904 4918; x_wconf 89' lang='lat' dir='ltr'><strong>estin</strong></span> <span class='ocrx_word' id='word_1_255' title='bbox 928 4847 1048 4914; x_wconf 88' lang='lat' dir='ltr'><strong>medio</strong></span> 
     </span>
    </p>
   </div>
   <div class='ocr_carea' id='block_1_18' title="bbox 58 4958 257 5053">
    <p class='ocr_par' dir='ltr' id='par_1_21' title="bbox 58 4958 257 5053">
     <span class='ocr_line' id='line_1_44' title="bbox 58 4958 257 5053; baseline -0.015 -23"><span class='ocrx_word' id='word_1_256' title='bbox 58 4960 187 5051; x_wconf 91' lang='lat' dir='ltr'><strong>templi</strong></span> <span class='ocrx_word' id='word_1_257' title='bbox 197 4958 257 5053; x_wconf 79' lang='lat'><strong>⁸⁷).</strong></span> 
     </span>
    </p>
   </div>
   <div class='ocr_carea' id='block_1_19' title="bbox 95 5195 1051 5582">
    <p class='ocr_par' dir='ltr' id='par_1_22' title="bbox 95 5195 1051 5582">
     <span class='ocr_line' id='line_1_45' title="bbox 95 5195 1050 5277; baseline -0.017 -13"><span class='ocrx_word' id='word_1_258' title='bbox 95 5209 146 5277; x_wconf 73' lang='lat'><strong>65)</strong></span> <span class='ocrx_word' id='word_1_259' title='bbox 168 5207 297 5265; x_wconf 74' lang='lat' dir='ltr'><strong>Cranen]</strong></span> <span class='ocrx_word' id='word_1_260' title='bbox 330 5203 372 5253; x_wconf 85' lang='lat' dir='ltr'><strong>sto</strong></span> <span class='ocrx_word' id='word_1_261' title='bbox 400 5200 483 5251; x_wconf 77' lang='lat' dir='ltr'><strong>stite</strong></span> <span class='ocrx_word' id='word_1_262' title='bbox 512 5202 732 5261; x_wconf 79' lang='grc'><strong>11118-11111.;</strong></span> <span class='ocrx_word' id='word_1_263' title='bbox 769 5197 847 5249; x_wconf 78' lang='lat' dir='ltr'><strong>Orto.</strong></span> <span class='ocrx_word' id='word_1_264' title='bbox 871 5197 921 5245; x_wconf 83' lang='lat' dir='ltr'><strong>tttt.</strong></span> <span class='ocrx_word' id='word_1_265' title='bbox 946 5195 1050 5261; x_wconf 79' lang='lat' dir='ltr'><strong>Gtcrtg.</strong></span> 
     </span>
     <span class='ocr_line' id='line_1_46' title="bbox 97 5279 1049 5430; baseline -0.02 -12"><span class='ocrx_word' id='word_1_266' title='bbox 97 5279 292 5430; x_wconf 60' lang='grc' dir='ltr'><strong>16ν1111111111]</strong></span> <span class='ocrx_word' id='word_1_267' title='bbox 324 5357 364 5407; x_wconf 82' lang='lat' dir='ltr'><strong>stc</strong></span> <span class='ocrx_word' id='word_1_268' title='bbox 395 5354 479 5407; x_wconf 83' lang='grc'><strong>111111.</strong></span> <span class='ocrx_word' id='word_1_269' title='bbox 504 5353 727 5414; x_wconf 73' lang='grc'><strong>1118-1111.;</strong></span> <span class='ocrx_word' id='word_1_270' title='bbox 762 5351 843 5406; x_wconf 78' lang='lat' dir='ltr'><strong>ortt.</strong></span> <span class='ocrx_word' id='word_1_271' title='bbox 867 5351 917 5402; x_wconf 76' lang='lat' dir='ltr'><strong>rt.</strong></span> <span class='ocrx_word' id='word_1_272' title='bbox 945 5350 1049 5415; x_wconf 66' lang='lat' dir='ltr'><strong>Gtcrtg.</strong></span> 
     </span>
     <span class='ocr_line' id='line_1_47' title="bbox 97 5436 1051 5582; baseline -0.015 -10"><span class='ocrx_word' id='word_1_273' title='bbox 97 5436 276 5582; x_wconf 45' lang='grc'><strong>1711176111]</strong></span> <span class='ocrx_word' id='word_1_274' title='bbox 295 5511 540 5573; x_wconf 69' lang='grc'><strong>1111111111118,</strong></span> <span class='ocrx_word' id='word_1_275' title='bbox 562 5508 653 5573; x_wconf 72' lang='grc'><strong>1181,</strong></span> <span class='ocrx_word' id='word_1_276' title='bbox 674 5507 766 5569; x_wconf 53' lang='lat' dir='ltr'><strong>tutu</strong></span> <span class='ocrx_word' id='word_1_277' title='bbox 783 5507 832 5559; x_wconf 79' lang='lat' dir='ltr'><strong>et.</strong></span> <span class='ocrx_word' id='word_1_278' title='bbox 845 5507 920 5559; x_wconf 83' lang='lat' dir='ltr'><strong>rato.</strong></span> <span class='ocrx_word' id='word_1_279' title='bbox 939 5504 1051 5569; x_wconf 78' lang='lat' dir='ltr'><strong>templo.</strong></span> 
     </span>
    </p>
   </div>
   <div class='ocr_carea' id='block_1_20' title="bbox 617 316 1610 429">
    <p class='ocr_par' dir='ltr' id='par_1_23' title="bbox 617 316 1610 429">
     <span class='ocr_line' id='line_1_48' title="bbox 617 316 1610 429; baseline 0.012 -41"><span class='ocrx_word' id='word_1_280' title='bbox 617 319 690 390; x_wconf 84' lang='lat' dir='ltr'><strong>xc.</strong></span> <span class='ocrx_word' id='word_1_281' title='bbox 753 316 1036 391; x_wconf 73' lang='lat' dir='ltr'><strong>autumno</strong></span> <span class='ocrx_word' id='word_1_282' title='bbox 1064 320 1329 395; x_wconf 81' lang='lat' dir='ltr'><strong>rasroauu</strong></span> <span class='ocrx_word' id='word_1_283' title='bbox 1364 326 1523 398; x_wconf 85' lang='lat' dir='ltr'><strong>ovrnu.</strong></span> <span class='ocrx_word' id='word_1_284' title='bbox 1608 424 1610 429; x_wconf 66' lang='lat'><strong>,</strong></span> 
     </span>
    </p>
   </div>
   <div class='ocr_carea' id='block_1_21' title="bbox 2012 341 2088 418">
    <p class='ocr_par' dir='ltr' id='par_1_24' title="bbox 2012 341 2088 418">
     <span class='ocr_line' id='line_1_49' title="bbox 2012 341 2088 418; baseline 0.026 -3"><span class='ocrx_word' id='word_1_285' title='bbox 2012 341 2088 418; x_wconf 86' lang='grc'><strong>494</strong></span> 
     </span>
    </p>
   </div>
   <div class='ocr_carea' id='block_1_22' title="bbox 1098 496 2091 1081">
    <p class='ocr_par' dir='ltr' id='par_1_25' title="bbox 1098 496 2091 1081">
     <span class='ocr_line' id='line_1_50' title="bbox 1202 496 2091 600; baseline 0.022 -36"><span class='ocrx_word' id='word_1_286' title='bbox 1202 496 1263 567; x_wconf 87' lang='grc' dir='ltr'><strong>νε.</strong></span> <span class='ocrx_word' id='word_1_287' title='bbox 1285 498 1373 569; x_wconf 87' lang='grc'><strong>888.</strong></span> <span class='ocrx_word' id='word_1_288' title='bbox 1413 503 1522 585; x_wconf 78' lang='lat' dir='ltr'><strong>Quam</strong></span> <span class='ocrx_word' id='word_1_289' title='bbox 1542 499 1710 600; x_wconf 68' lang='lat' dir='ltr'><strong>minime]</strong></span> <span class='ocrx_word' id='word_1_290' title='bbox 1743 502 1877 596; x_wconf 88' lang='lat' dir='ltr'><strong>Iupiter</strong></span> <span class='ocrx_word' id='word_1_291' title='bbox 1898 508 2016 594; x_wconf 91' lang='lat' dir='ltr'><strong>iubet,</strong></span> <span class='ocrx_word' id='word_1_292' title='bbox 2050 527 2091 584; x_wconf 92' lang='lat' dir='ltr'><strong>ut</strong></span> 
     </span>
     <span class='ocr_line' id='line_1_51' title="bbox 1102 598 2088 693; baseline 0.016 -25"><span class='ocrx_word' id='word_1_293' title='bbox 1102 600 1262 682; x_wconf 81' lang='lat' dir='ltr'><strong>eliciant,</strong></span> <span class='ocrx_word' id='word_1_294' title='bbox 1290 602 1388 693; x_wconf 94' lang='lat' dir='ltr'><strong>quod</strong></span> <span class='ocrx_word' id='word_1_295' title='bbox 1404 598 1537 673; x_wconf 90' lang='lat' dir='ltr'><strong>habent</strong></span> <span class='ocrx_word' id='word_1_296' title='bbox 1562 600 1821 678; x_wconf 86' lang='lat' dir='ltr'><strong>charissimum.</strong></span> <span class='ocrx_word' id='word_1_297' title='bbox 1882 606 1937 678; x_wconf 89' lang='lat' dir='ltr'><strong>llli</strong></span> <span class='ocrx_word' id='word_1_298' title='bbox 1957 614 2088 683; x_wconf 87' lang='lat' dir='ltr'><strong>iutelli-</strong></span> 
     </span>
     <span class='ocr_line' id='line_1_52' title="bbox 1100 703 2087 799; baseline 0.017 -29"><span class='ocrx_word' id='word_1_299' title='bbox 1100 716 1189 792; x_wconf 89' lang='lat' dir='ltr'><strong>gunt</strong></span> <span class='ocrx_word' id='word_1_300' title='bbox 1211 703 1448 773; x_wconf 89' lang='lat' dir='ltr'><strong>deiiciendum</strong></span> <span class='ocrx_word' id='word_1_301' title='bbox 1475 729 1547 777; x_wconf 90' lang='lat' dir='ltr'><strong>esse</strong></span> <span class='ocrx_word' id='word_1_302' title='bbox 1571 731 1713 797; x_wconf 91' lang='lat' dir='ltr'><strong>panem.</strong></span> <span class='ocrx_word' id='word_1_303' title='bbox 1779 707 1834 778; x_wconf 91' lang='lat' dir='ltr'><strong>lbi</strong></span> <span class='ocrx_word' id='word_1_304' title='bbox 1857 710 1971 799; x_wconf 89' lang='lat' dir='ltr'><strong>Galli,</strong></span> <span class='ocrx_word' id='word_1_305' title='bbox 2006 741 2087 786; x_wconf 90' lang='lat' dir='ltr'><strong>eum</strong></span> 
     </span>
     <span class='ocr_line' id='line_1_53' title="bbox 1099 804 2086 901; baseline 0.019 -31"><span class='ocrx_word' id='word_1_306' title='bbox 1099 804 1198 895; x_wconf 88' lang='lat' dir='ltr'><strong>prius</strong></span> <span class='ocrx_word' id='word_1_307' title='bbox 1213 805 1457 875; x_wconf 82' lang='lat' dir='ltr'><strong>existimarent</strong></span> <span class='ocrx_word' id='word_1_308' title='bbox 1472 833 1532 879; x_wconf 92' lang='lat' dir='ltr'><strong>eos</strong></span> <span class='ocrx_word' id='word_1_309' title='bbox 1547 810 1641 877; x_wconf 85' lang='lat' dir='ltr'><strong>lame</strong></span> <span class='ocrx_word' id='word_1_310' title='bbox 1653 809 1831 900; x_wconf 86' lang='lat' dir='ltr'><strong>perituros</strong></span> <span class='ocrx_word' id='word_1_311' title='bbox 1850 836 1943 901; x_wconf 88' lang='lat' dir='ltr'><strong>esse,</strong></span> <span class='ocrx_word' id='word_1_312' title='bbox 1969 842 2008 886; x_wconf 89' lang='lat' dir='ltr'><strong>re</strong></span> <span class='ocrx_word' id='word_1_313' title='bbox 2026 821 2086 888; x_wconf 88' lang='lat' dir='ltr'><strong>dc-</strong></span> 
     </span>
     <span class='ocr_line' id='line_1_54' title="bbox 1099 907 2086 999; baseline 0.01 -22"><span class='ocrx_word' id='word_1_314' title='bbox 1099 919 1237 999; x_wconf 91' lang='lat' dir='ltr'><strong>sperata</strong></span> <span class='ocrx_word' id='word_1_315' title='bbox 1261 907 1473 979; x_wconf 89' lang='lat' dir='ltr'><strong>destiterunt</strong></span> <span class='ocrx_word' id='word_1_316' title='bbox 1495 913 1539 977; x_wconf 92' lang='lat' dir='ltr'><strong>ab</strong></span> <span class='ocrx_word' id='word_1_317' title='bbox 1561 911 1766 997; x_wconf 89' lang='lat' dir='ltr'><strong>obsidione,</strong></span> <span class='ocrx_word' id='word_1_318' title='bbox 1807 929 1842 984; x_wconf 93' lang='lat' dir='ltr'><strong>et</strong></span> <span class='ocrx_word' id='word_1_319' title='bbox 1865 915 1913 983; x_wconf 91' lang='lat' dir='ltr'><strong>ita</strong></span> <span class='ocrx_word' id='word_1_320' title='bbox 1945 918 2086 989; x_wconf 88' lang='lat' dir='ltr'><strong>liberati</strong></span> 
     </span>
     <span class='ocr_line' id='line_1_55' title="bbox 1098 1007 1364 1081; baseline 0.011 -2"><span class='ocrx_word' id='word_1_321' title='bbox 1098 1021 1181 1079; x_wconf 87' lang='lat' dir='ltr'><strong>sunt</strong></span> <span class='ocrx_word' id='word_1_322' title='bbox 1195 1007 1364 1081; x_wconf 84' lang='lat' dir='ltr'><strong>Romani.</strong></span> 
     </span>
    </p>
   </div>
   <div class='ocr_carea' id='block_1_23' title="bbox 1199 1126 2087 1224">
    <p class='ocr_par' dir='ltr' id='par_1_26' title="bbox 1199 1126 2087 1224">
     <span class='ocr_line' id='line_1_56' title="bbox 1199 1126 2087 1224; baseline 0.014 -29"><span class='ocrx_word' id='word_1_323' title='bbox 1199 1129 1259 1200; x_wconf 91' lang='lat' dir='ltr'><strong>Vs.</strong></span> <span class='ocrx_word' id='word_1_324' title='bbox 1277 1126 1364 1200; x_wconf 80' lang='lat'><strong>435.</strong></span> <span class='ocrx_word' id='word_1_325' title='bbox 1397 1135 1464 1201; x_wconf 87' lang='lat' dir='ltr'><strong>llea</strong></span> <span class='ocrx_word' id='word_1_326' title='bbox 1486 1135 1563 1224; x_wconf 73' lang='lat' dir='ltr'><strong>eat]</strong></span> <span class='ocrx_word' id='word_1_327' title='bbox 1596 1133 1797 1206; x_wconf 87' lang='lat' dir='ltr'><strong>Palladium</strong></span> <span class='ocrx_word' id='word_1_328' title='bbox 1820 1163 1916 1209; x_wconf 82' lang='lat' dir='ltr'><strong>ntanc</strong></span> <span class='ocrx_word' id='word_1_329' title='bbox 1940 1152 1992 1210; x_wconf 90' lang='lat' dir='ltr'><strong>est</strong></span> <span class='ocrx_word' id='word_1_330' title='bbox 2013 1139 2087 1207; x_wconf 86' lang='lat' dir='ltr'><strong>Ro-</strong></span> 
     </span>
    </p>
   </div>
   <div class='ocr_carea' id='block_1_24' title="bbox 1097 1232 1543 1329">
    <p class='ocr_par' dir='ltr' id='par_1_27' title="bbox 1097 1232 1543 1329">
     <span class='ocr_line' id='line_1_57' title="bbox 1097 1232 1543 1329; baseline 0.02 -31"><span class='ocrx_word' id='word_1_331' title='bbox 1097 1252 1176 1299; x_wconf 90' lang='lat' dir='ltr'><strong>mae</strong></span> <span class='ocrx_word' id='word_1_332' title='bbox 1192 1232 1229 1299; x_wconf 90' lang='lat' dir='ltr'><strong>iu</strong></span> <span class='ocrx_word' id='word_1_333' title='bbox 1251 1232 1385 1324; x_wconf 89' lang='lat' dir='ltr'><strong>templo</strong></span> <span class='ocrx_word' id='word_1_334' title='bbox 1402 1232 1543 1329; x_wconf 84' lang='lat' dir='ltr'><strong>Vestae.</strong></span> 
     </span>
    </p>
   </div>
   <div class='ocr_carea' id='block_1_25' title="bbox 1098 1351 2086 1524">
    <p class='ocr_par' dir='ltr' id='par_1_28' title="bbox 1098 1351 2086 1524">
     <span class='ocr_line' id='line_1_58' title="bbox 1098 1351 2086 1521; baseline 0.011 -102"><span class='ocrx_word' id='word_1_335' title='bbox 1098 1450 1130 1518; x_wconf 72' lang='lat' dir='ltr'>V</span> <span class='ocrx_word' id='word_1_336' title='bbox 1199 1351 1259 1521; x_wconf 49' lang='grc' dir='ltr'><strong>ἷζε.</strong></span> <span class='ocrx_word' id='word_1_337' title='bbox 1288 1352 1374 1424; x_wconf 89' lang='grc'><strong>469.</strong></span> <span class='ocrx_word' id='word_1_338' title='bbox 1420 1356 1561 1446; x_wconf 63' lang='lat' dir='ltr'><strong>tautae]</strong></span> <span class='ocrx_word' id='word_1_339' title='bbox 1606 1354 1789 1439; x_wconf 88' lang='lat' dir='ltr'><strong>Coronae,</strong></span> <span class='ocrx_word' id='word_1_340' title='bbox 1830 1358 1969 1444; x_wconf 87' lang='lat' dir='ltr'><strong>idest,</strong></span> <span class='ocrx_word' id='word_1_341' title='bbox 2004 1375 2086 1453; x_wconf 91' lang='lat' dir='ltr'><strong>post</strong></span> 
     </span>
     <span class='ocr_line' id='line_1_59' title="bbox 1131 1466 1265 1524; baseline 0.015 -2"><span class='ocrx_word' id='word_1_342' title='bbox 1131 1466 1202 1522; x_wconf 88' lang='lat' dir='ltr'><strong>esta</strong></span> <span class='ocrx_word' id='word_1_343' title='bbox 1220 1478 1265 1524; x_wconf 85' lang='lat' dir='ltr'><strong>ra.</strong></span> 
     </span>
    </p>
   </div>
   <div class='ocr_carea' id='block_1_26' title="bbox 1196 1548 2081 1673">
    <p class='ocr_par' dir='ltr' id='par_1_29' title="bbox 1196 1548 2081 1673">
     <span class='ocr_line' id='line_1_60' title="bbox 1196 1548 2081 1673; baseline 0.011 -35"><span class='ocrx_word' id='word_1_344' title='bbox 1196 1572 1257 1644; x_wconf 84' lang='lat' dir='ltr'><strong>Vs.</strong></span> <span class='ocrx_word' id='word_1_345' title='bbox 1283 1573 1370 1644; x_wconf 89' lang='grc'><strong>470.</strong></span> <span class='ocrx_word' id='word_1_346' title='bbox 1411 1577 1542 1669; x_wconf 67' lang='lat' dir='ltr'><strong>Saxa]</strong></span> <span class='ocrx_word' id='word_1_347' title='bbox 1575 1548 1715 1660; x_wconf 87' lang='lat' dir='ltr'><strong>Mulae,</strong></span> <span class='ocrx_word' id='word_1_348' title='bbox 1756 1577 1793 1646; x_wconf 90' lang='lat' dir='ltr'><strong>id</strong></span> <span class='ocrx_word' id='word_1_349' title='bbox 1823 1592 1893 1663; x_wconf 90' lang='lat' dir='ltr'><strong>est,</strong></span> <span class='ocrx_word' id='word_1_350' title='bbox 1936 1582 2081 1673; x_wconf 90' lang='lat' dir='ltr'><strong>quando</strong></span> 
     </span>
    </p>
   </div>
   <div class='ocr_carea' id='block_1_27' title="bbox 1097 1676 1760 1773">
    <p class='ocr_par' dir='ltr' id='par_1_30' title="bbox 1097 1676 1760 1773">
     <span class='ocr_line' id='line_1_61' title="bbox 1097 1676 1760 1773; baseline 0.012 -32"><span class='ocrx_word' id='word_1_351' title='bbox 1097 1676 1213 1743; x_wconf 89' lang='lat' dir='ltr'><strong>molae</strong></span> <span class='ocrx_word' id='word_1_352' title='bbox 1229 1678 1357 1745; x_wconf 89' lang='lat' dir='ltr'><strong>iterum</strong></span> <span class='ocrx_word' id='word_1_353' title='bbox 1376 1702 1456 1773; x_wconf 81' lang='lat' dir='ltr'><strong>suas</strong></span> <span class='ocrx_word' id='word_1_354' title='bbox 1475 1702 1601 1768; x_wconf 90' lang='lat' dir='ltr'><strong>operas</strong></span> <span class='ocrx_word' id='word_1_355' title='bbox 1619 1680 1760 1749; x_wconf 80' lang='lat' dir='ltr'><strong>facient.</strong></span> 
     </span>
    </p>
   </div>
   <div class='ocr_carea' id='block_1_28' title="bbox 1094 1794 2085 2778">
    <p class='ocr_par' dir='ltr' id='par_1_31' title="bbox 1094 1794 2085 2398">
     <span class='ocr_line' id='line_1_62' title="bbox 1197 1794 2084 1889; baseline 0.008 -28"><span class='ocrx_word' id='word_1_356' title='bbox 1197 1796 1257 1865; x_wconf 85' lang='lat' dir='ltr'><strong>Vs.</strong></span> <span class='ocrx_word' id='word_1_357' title='bbox 1288 1794 1373 1865; x_wconf 79' lang='grc'><strong>478.</strong></span> <span class='ocrx_word' id='word_1_358' title='bbox 1415 1801 1490 1866; x_wconf 85' lang='lat' dir='ltr'><strong>lam</strong></span> <span class='ocrx_word' id='word_1_359' title='bbox 1512 1799 1667 1889; x_wconf 67' lang='lat' dir='ltr'><strong>Phrpm]</strong></span> <span class='ocrx_word' id='word_1_360' title='bbox 1702 1796 1769 1866; x_wconf 88' lang='lat' dir='ltr'><strong>Die</strong></span> <span class='ocrx_word' id='word_1_361' title='bbox 1794 1801 1853 1869; x_wconf 91' lang='lat'><strong>11.</strong></span> <span class='ocrx_word' id='word_1_362' title='bbox 1868 1795 1971 1869; x_wconf 82' lang='lat' dir='ltr'><strong>lunii</strong></span> <span class='ocrx_word' id='word_1_363' title='bbox 1996 1799 2084 1868; x_wconf 91' lang='lat' dir='ltr'><strong>cele-</strong></span> 
     </span>
     <span class='ocr_line' id='line_1_63' title="bbox 1095 1896 2084 1985; baseline 0.004 -21"><span class='ocrx_word' id='word_1_364' title='bbox 1095 1896 1220 1966; x_wconf 92' lang='lat' dir='ltr'><strong>bratur</strong></span> <span class='ocrx_word' id='word_1_365' title='bbox 1242 1900 1370 1967; x_wconf 89' lang='lat' dir='ltr'><strong>festum</strong></span> <span class='ocrx_word' id='word_1_366' title='bbox 1395 1899 1555 1968; x_wconf 87' lang='lat' dir='ltr'><strong>Matutae</strong></span> <span class='ocrx_word' id='word_1_367' title='bbox 1579 1924 1640 1969; x_wconf 92' lang='lat' dir='ltr'><strong>seu</strong></span> <span class='ocrx_word' id='word_1_368' title='bbox 1663 1897 1907 1985; x_wconf 89' lang='lat' dir='ltr'><strong>Leucotheae,</strong></span> <span class='ocrx_word' id='word_1_369' title='bbox 1940 1899 1998 1969; x_wconf 91' lang='lat' dir='ltr'><strong>cui</strong></span> <span class='ocrx_word' id='word_1_370' title='bbox 2018 1925 2084 1968; x_wconf 91' lang='lat' dir='ltr'><strong>no-</strong></span> 
     </span>
     <span class='ocr_line' id='line_1_64' title="bbox 1096 1999 2085 2072; baseline 0.003 -6"><span class='ocrx_word' id='word_1_371' title='bbox 1096 2023 1179 2068; x_wconf 91' lang='lat' dir='ltr'><strong>meu</strong></span> <span class='ocrx_word' id='word_1_372' title='bbox 1204 2013 1281 2068; x_wconf 91' lang='lat' dir='ltr'><strong>erat</strong></span> <span class='ocrx_word' id='word_1_373' title='bbox 1296 1999 1477 2072; x_wconf 90' lang='lat' dir='ltr'><strong>Matralia.</strong></span> <span class='ocrx_word' id='word_1_374' title='bbox 1528 1999 1569 2070; x_wconf 91' lang='lat' dir='ltr'><strong>ln</strong></span> <span class='ocrx_word' id='word_1_375' title='bbox 1591 2002 1721 2071; x_wconf 89' lang='lat' dir='ltr'><strong>sacello</strong></span> <span class='ocrx_word' id='word_1_376' title='bbox 1743 2002 1925 2071; x_wconf 85' lang='lat' dir='ltr'><strong>Fortunae</strong></span> <span class='ocrx_word' id='word_1_377' title='bbox 1947 2002 2015 2070; x_wconf 85' lang='lat' dir='ltr'><strong>luit</strong></span> <span class='ocrx_word' id='word_1_378' title='bbox 2038 2004 2085 2069; x_wconf 95' lang='lat' dir='ltr'><strong>ad</strong></span> 
     </span>
     <span class='ocr_line' id='line_1_65' title="bbox 1096 2101 2084 2198; baseline -0.002 -27"><span class='ocrx_word' id='word_1_379' title='bbox 1096 2101 1171 2172; x_wconf 90' lang='lat' dir='ltr'><strong>eius</strong></span> <span class='ocrx_word' id='word_1_380' title='bbox 1186 2113 1341 2172; x_wconf 88' lang='lat' dir='ltr'><strong>statuam</strong></span> <span class='ocrx_word' id='word_1_381' title='bbox 1358 2103 1478 2171; x_wconf 91' lang='lat' dir='ltr'><strong>addita</strong></span> <span class='ocrx_word' id='word_1_382' title='bbox 1495 2103 1614 2193; x_wconf 86' lang='lat' dir='ltr'><strong>imago</strong></span> <span class='ocrx_word' id='word_1_383' title='bbox 1627 2104 1720 2195; x_wconf 89' lang='lat' dir='ltr'><strong>regis</strong></span> <span class='ocrx_word' id='word_1_384' title='bbox 1737 2103 1854 2189; x_wconf 90' lang='lat' dir='ltr'><strong>Tulli,</strong></span> <span class='ocrx_word' id='word_1_385' title='bbox 1879 2129 1951 2198; x_wconf 90' lang='lat' dir='ltr'><strong>quo</strong></span> <span class='ocrx_word' id='word_1_386' title='bbox 1976 2102 2084 2192; x_wconf 88' lang='lat' dir='ltr'><strong>signi-</strong></span> 
     </span>
     <span class='ocr_line' id='line_1_66' title="bbox 1094 2204 2084 2296; baseline 0.002 -25"><span class='ocrx_word' id='word_1_387' title='bbox 1094 2204 1237 2273; x_wconf 88' lang='lat' dir='ltr'><strong>ficatum</strong></span> <span class='ocrx_word' id='word_1_388' title='bbox 1257 2216 1309 2272; x_wconf 92' lang='lat' dir='ltr'><strong>est</strong></span> <span class='ocrx_word' id='word_1_389' title='bbox 1323 2228 1470 2296; x_wconf 89' lang='lat' dir='ltr'><strong>magnas</strong></span> <span class='ocrx_word' id='word_1_390' title='bbox 1487 2230 1560 2277; x_wconf 88' lang='lat' dir='ltr'><strong>esse</strong></span> <span class='ocrx_word' id='word_1_391' title='bbox 1578 2205 1835 2277; x_wconf 87' lang='lat' dir='ltr'><strong>vicissitudines</strong></span> <span class='ocrx_word' id='word_1_392' title='bbox 1851 2207 1888 2273; x_wconf 93' lang='lat' dir='ltr'><strong>in</strong></span> <span class='ocrx_word' id='word_1_393' title='bbox 1911 2204 2084 2296; x_wconf 90' lang='lat' dir='ltr'><strong>imperiis,</strong></span> 
     </span>
     <span class='ocr_line' id='line_1_67' title="bbox 1096 2304 1985 2398; baseline -0.002 -23"><span class='ocrx_word' id='word_1_394' title='bbox 1096 2304 1207 2375; x_wconf 89' lang='lat' dir='ltr'><strong>utille</strong></span> <span class='ocrx_word' id='word_1_395' title='bbox 1227 2304 1362 2398; x_wconf 91' lang='lat' dir='ltr'><strong>inquit:</strong></span> <span class='ocrx_word' id='word_1_396' title='bbox 1980 2380 1985 2387; x_wconf 48' lang='grc'>,</span> 
     </span>
    </p>

    <p class='ocr_par' dir='ltr' id='par_1_32' title="bbox 1235 2407 1977 2490">
     <span class='ocr_line' id='line_1_68' title="bbox 1235 2407 1977 2490; baseline 0 -18"><span class='ocrx_word' id='word_1_397' title='bbox 1235 2421 1332 2472; x_wconf 78' lang='lat' dir='ltr'><strong>Servis</strong></span> <span class='ocrx_word' id='word_1_398' title='bbox 1352 2407 1441 2485; x_wconf 68' lang='lat' dir='ltr'><strong>regne</strong></span> <span class='ocrx_word' id='word_1_399' title='bbox 1459 2423 1577 2490; x_wconf 81' lang='grc'><strong>(1111111111,</strong></span> <span class='ocrx_word' id='word_1_400' title='bbox 1601 2425 1719 2489; x_wconf 81' lang='lat' dir='ltr'><strong>ospttvls</strong></span> <span class='ocrx_word' id='word_1_401' title='bbox 1738 2425 1796 2476; x_wconf 76' lang='lat' dir='ltr'><strong>istc</strong></span> <span class='ocrx_word' id='word_1_402' title='bbox 1816 2423 1977 2487; x_wconf 80' lang='lat' dir='ltr'><strong>triumphos.</strong></span> 
     </span>
    </p>

    <p class='ocr_par' dir='ltr' id='par_1_33' title="bbox 1096 2503 2083 2778">
     <span class='ocr_line' id='line_1_69' title="bbox 1197 2503 2083 2602; baseline 0.007 -31"><span class='ocrx_word' id='word_1_403' title='bbox 1197 2505 1257 2575; x_wconf 92' lang='lat' dir='ltr'><strong>Vs.</strong></span> <span class='ocrx_word' id='word_1_404' title='bbox 1269 2503 1354 2576; x_wconf 84' lang='grc'><strong>689.</strong></span> <span class='ocrx_word' id='word_1_405' title='bbox 1380 2513 1463 2578; x_wconf 77' lang='lat' dir='ltr'><strong>lirae</strong></span> <span class='ocrx_word' id='word_1_406' title='bbox 1474 2513 1602 2602; x_wconf 75' lang='lat' dir='ltr'><strong>paren]</strong></span> <span class='ocrx_word' id='word_1_407' title='bbox 1630 2513 1687 2581; x_wconf 87' lang='lat' dir='ltr'><strong>Tu</strong></span> <span class='ocrx_word' id='word_1_408' title='bbox 1703 2512 1907 2581; x_wconf 84' lang='lat' dir='ltr'><strong>interfecisti</strong></span> <span class='ocrx_word' id='word_1_409' title='bbox 1922 2533 2083 2592; x_wconf 86' lang='lat' dir='ltr'><strong>uxorem,</strong></span> 
     </span>
     <span class='ocr_line' id='line_1_70' title="bbox 1096 2606 2083 2714; baseline 0.002 -38"><span class='ocrx_word' id='word_1_410' title='bbox 1096 2629 1162 2698; x_wconf 89' lang='lat' dir='ltr'><strong>ego</strong></span> <span class='ocrx_word' id='word_1_411' title='bbox 1179 2606 1361 2677; x_wconf 87' lang='lat' dir='ltr'><strong>maritum.</strong></span> <span class='ocrx_word' id='word_1_412' title='bbox 1464 2611 1701 2714; x_wconf 58' lang='lat' dir='ltr'><strong>Indirtoaoe).]</strong></span> <span class='ocrx_word' id='word_1_413' title='bbox 1727 2614 1880 2701; x_wconf 91' lang='lat' dir='ltr'><strong>debitas,</strong></span> <span class='ocrx_word' id='word_1_414' title='bbox 1908 2624 2083 2680; x_wconf 90' lang='lat' dir='ltr'><strong>ettamen</strong></span> 
     </span>
     <span class='ocr_line' id='line_1_71' title="bbox 1096 2712 1301 2778; baseline 0.005 -2"><span class='ocrx_word' id='word_1_415' title='bbox 1096 2733 1171 2778; x_wconf 91' lang='lat' dir='ltr'><strong>non</strong></span> <span class='ocrx_word' id='word_1_416' title='bbox 1187 2712 1301 2778; x_wconf 89' lang='lat' dir='ltr'><strong>datas.</strong></span> 
     </span>
    </p>
   </div>
   <div class='ocr_carea' id='block_1_29' title="bbox 1198 2824 2080 3046">
    <p class='ocr_par' dir='ltr' id='par_1_34' title="bbox 1198 2824 2080 3046">
     <span class='ocr_line' id='line_1_72' title="bbox 1201 2824 1880 2924; baseline 0.013 -31"><span class='ocrx_word' id='word_1_417' title='bbox 1201 2827 1259 2899; x_wconf 88' lang='lat' dir='ltr'><strong>Vs.</strong></span> <span class='ocrx_word' id='word_1_418' title='bbox 1274 2825 1358 2899; x_wconf 84' lang='lat'><strong>599.</strong></span> <span class='ocrx_word' id='word_1_419' title='bbox 1388 2824 1538 2924; x_wconf 69' lang='lat' dir='ltr'><strong>caetea]</strong></span> <span class='ocrx_word' id='word_1_420' title='bbox 1565 2830 1641 2898; x_wconf 82' lang='lat' dir='ltr'><strong>Rex</strong></span> <span class='ocrx_word' id='word_1_421' title='bbox 1658 2832 1880 2902; x_wconf 85' lang='lat' dir='ltr'><strong>interficitur.</strong></span> 
     </span>
     <span class='ocr_line' id='line_1_73' title="bbox 1198 2947 2080 3046; baseline 0.003 -32"><span class='ocrx_word' id='word_1_422' title='bbox 1198 2947 1259 3018; x_wconf 88' lang='lat' dir='ltr'><strong>Vs.</strong></span> <span class='ocrx_word' id='word_1_423' title='bbox 1284 2949 1369 3023; x_wconf 87' lang='grc'><strong>624.</strong></span> <span class='ocrx_word' id='word_1_424' title='bbox 1408 2948 1619 3046; x_wconf 57' lang='lat' dir='ltr'><strong>sexenam</strong></span> <span class='ocrx_word' id='word_1_425' title='bbox 1657 2949 1728 3041; x_wconf 87' lang='lat' dir='ltr'><strong>Qui</strong></span> <span class='ocrx_word' id='word_1_426' title='bbox 1753 2951 1875 3039; x_wconf 89' lang='lat' dir='ltr'><strong>legunt</strong></span> <span class='ocrx_word' id='word_1_427' title='bbox 1896 2952 2080 3037; x_wconf 77' lang='lat' dir='ltr'><strong>Septimus,</strong></span> 
     </span>
    </p>
   </div>
   <div class='ocr_carea' id='block_1_30' title="bbox 1095 3051 2084 3223">
    <p class='ocr_par' dir='ltr' id='par_1_35' title="bbox 1095 3051 2084 3223">
     <span class='ocr_line' id='line_1_74' title="bbox 1095 3051 2084 3145; baseline -0.004 -24"><span class='ocrx_word' id='word_1_428' title='bbox 1095 3074 1146 3121; x_wconf 85' lang='lat' dir='ltr'><strong>stc</strong></span> <span class='ocrx_word' id='word_1_429' title='bbox 1167 3065 1355 3134; x_wconf 84' lang='lat' dir='ltr'><strong>excusant,</strong></span> <span class='ocrx_word' id='word_1_430' title='bbox 1387 3054 1469 3145; x_wconf 90' lang='lat' dir='ltr'><strong>quia</strong></span> <span class='ocrx_word' id='word_1_431' title='bbox 1488 3051 1664 3122; x_wconf 87' lang='lat' dir='ltr'><strong>Romulus</strong></span> <span class='ocrx_word' id='word_1_432' title='bbox 1687 3052 1851 3122; x_wconf 85' lang='lat' dir='ltr'><strong>asciverit</strong></span> <span class='ocrx_word' id='word_1_433' title='bbox 1874 3051 1912 3118; x_wconf 92' lang='lat' dir='ltr'><strong>in</strong></span> <span class='ocrx_word' id='word_1_434' title='bbox 1933 3073 2084 3140; x_wconf 89' lang='lat' dir='ltr'><strong>regnum</strong></span> 
     </span>
     <span class='ocr_line' id='line_1_75' title="bbox 1095 3151 1256 3223; baseline 0.006 -2"><span class='ocrx_word' id='word_1_435' title='bbox 1095 3151 1256 3223; x_wconf 81' lang='lat' dir='ltr'><strong>Tatium.</strong></span> 
     </span>
    </p>
   </div>
   <div class='ocr_carea' id='block_1_31' title="bbox 1098 3267 2181 3468">
    <p class='ocr_par' dir='ltr' id='par_1_36' title="bbox 1098 3267 2181 3468">
     <span class='ocr_line' id='line_1_76' title="bbox 1198 3267 2084 3362; baseline 0 -26"><span class='ocrx_word' id='word_1_436' title='bbox 1198 3268 1259 3342; x_wconf 88' lang='lat' dir='ltr'><strong>Vs.</strong></span> <span class='ocrx_word' id='word_1_437' title='bbox 1276 3269 1362 3341; x_wconf 89' lang='grc'><strong>641.</strong></span> <span class='ocrx_word' id='word_1_438' title='bbox 1389 3271 1550 3362; x_wconf 71' lang='lat' dir='ltr'><strong>nomae]</strong></span> <span class='ocrx_word' id='word_1_439' title='bbox 1577 3271 1760 3339; x_wconf 81' lang='lat' dir='ltr'><strong>aedificata</strong></span> <span class='ocrx_word' id='word_1_440' title='bbox 1777 3294 1797 3338; x_wconf 95' lang='lat' dir='ltr'><strong>a</strong></span> <span class='ocrx_word' id='word_1_441' title='bbox 1814 3267 1903 3339; x_wconf 92' lang='lat' dir='ltr'><strong>lulio</strong></span> <span class='ocrx_word' id='word_1_442' title='bbox 1921 3268 2084 3350; x_wconf 87' lang='lat' dir='ltr'><strong>Caesare,</strong></span> 
     </span>
     <span class='ocr_line' id='line_1_77' title="bbox 1098 3372 2181 3468; baseline -0.006 -24"><span class='ocrx_word' id='word_1_443' title='bbox 1098 3396 1205 3468; x_wconf 90' lang='lat' dir='ltr'><strong>quam</strong></span> <span class='ocrx_word' id='word_1_444' title='bbox 1220 3373 1351 3444; x_wconf 89' lang='lat' dir='ltr'><strong>iterum</strong></span> <span class='ocrx_word' id='word_1_445' title='bbox 1367 3373 1559 3442; x_wconf 87' lang='lat' dir='ltr'><strong>demolitus</strong></span> <span class='ocrx_word' id='word_1_446' title='bbox 1582 3374 1845 3463; x_wconf 84' lang='lat' dir='ltr'><strong>estAugustus,</strong></span> <span class='ocrx_word' id='word_1_447' title='bbox 1879 3398 1924 3441; x_wconf 92' lang='lat' dir='ltr'><strong>ne</strong></span> <span class='ocrx_word' id='word_1_448' title='bbox 1948 3372 2085 3440; x_wconf 84' lang='lat' dir='ltr'><strong>videre·</strong></span> <span class='ocrx_word' id='word_1_449' title='bbox 2177 3390 2181 3397; x_wconf 90' lang='lat'><em>·</em></span> 
     </span>
    </p>
   </div>
   <div class='ocr_carea' id='block_1_32' title="bbox 1097 3472 2084 3665">
    <p class='ocr_par' dir='ltr' id='par_1_37' title="bbox 1097 3472 2084 3665">
     <span class='ocr_line' id='line_1_78' title="bbox 1097 3472 2084 3569; baseline -0.007 -22"><span class='ocrx_word' id='word_1_450' title='bbox 1097 3490 1157 3547; x_wconf 90' lang='lat' dir='ltr'><strong>tur</strong></span> <span class='ocrx_word' id='word_1_451' title='bbox 1171 3476 1398 3569; x_wconf 85' lang='lat' dir='ltr'><strong>tyrannidem</strong></span> <span class='ocrx_word' id='word_1_452' title='bbox 1415 3476 1453 3542; x_wconf 90' lang='lat' dir='ltr'><strong>in</strong></span> <span class='ocrx_word' id='word_1_453' title='bbox 1469 3476 1557 3545; x_wconf 91' lang='lat' dir='ltr'><strong>urbe</strong></span> <span class='ocrx_word' id='word_1_454' title='bbox 1573 3476 1758 3546; x_wconf 89' lang='lat' dir='ltr'><strong>instituere</strong></span> <span class='ocrx_word' id='word_1_455' title='bbox 1777 3475 1876 3544; x_wconf 89' lang='lat' dir='ltr'><strong>velle.</strong></span> <span class='ocrx_word' id='word_1_456' title='bbox 1928 3472 1991 3542; x_wconf 90' lang='lat' dir='ltr'><strong>lllo</strong></span> <span class='ocrx_word' id='word_1_457' title='bbox 2005 3475 2084 3541; x_wconf 90' lang='lat' dir='ltr'><strong>loco</strong></span> 
     </span>
     <span class='ocr_line' id='line_1_79' title="bbox 1098 3576 1648 3665; baseline -0.004 -16"><span class='ocrx_word' id='word_1_458' title='bbox 1098 3580 1239 3649; x_wconf 91' lang='lat' dir='ltr'><strong>condita</strong></span> <span class='ocrx_word' id='word_1_459' title='bbox 1257 3590 1309 3646; x_wconf 90' lang='lat' dir='ltr'><strong>est</strong></span> <span class='ocrx_word' id='word_1_460' title='bbox 1322 3576 1480 3665; x_wconf 90' lang='lat' dir='ltr'><strong>porticus</strong></span> <span class='ocrx_word' id='word_1_461' title='bbox 1497 3576 1648 3664; x_wconf 87' lang='lat' dir='ltr'><strong>elegans.</strong></span> 
     </span>
    </p>
   </div>
   <div class='ocr_carea' id='block_1_33' title="bbox 1098 3688 2085 3986">
    <p class='ocr_par' dir='ltr' id='par_1_38' title="bbox 1098 3688 2085 3986">
     <span class='ocr_line' id='line_1_80' title="bbox 1199 3688 2085 3783; baseline -0.002 -24"><span class='ocrx_word' id='word_1_462' title='bbox 1199 3695 1261 3764; x_wconf 84' lang='lat' dir='ltr'><strong>Vs.</strong></span> <span class='ocrx_word' id='word_1_463' title='bbox 1278 3691 1365 3763; x_wconf 89' lang='grc'><strong>647.</strong></span> <span class='ocrx_word' id='word_1_464' title='bbox 1399 3698 1462 3765; x_wconf 83' lang='lat' dir='ltr'><strong>Sic</strong></span> <span class='ocrx_word' id='word_1_465' title='bbox 1483 3694 1626 3783; x_wconf 65' lang='lat' dir='ltr'><strong>crpitum]</strong></span> <span class='ocrx_word' id='word_1_466' title='bbox 1652 3689 1920 3782; x_wconf 87' lang='lat' dir='ltr'><strong>Epiphonema:</strong></span> <span class='ocrx_word' id='word_1_467' title='bbox 1955 3688 2085 3758; x_wconf 83' lang='lat' dir='ltr'><strong>Exem-</strong></span> 
     </span>
     <span class='ocr_line' id='line_1_81' title="bbox 1098 3791 2085 3888; baseline -0.004 -24"><span class='ocrx_word' id='word_1_468' title='bbox 1098 3799 1156 3888; x_wconf 92' lang='lat' dir='ltr'><strong>pla</strong></span> <span class='ocrx_word' id='word_1_469' title='bbox 1169 3820 1293 3886; x_wconf 89' lang='lat' dir='ltr'><strong>regum</strong></span> <span class='ocrx_word' id='word_1_470' title='bbox 1313 3807 1460 3861; x_wconf 90' lang='lat' dir='ltr'><strong>movent</strong></span> <span class='ocrx_word' id='word_1_471' title='bbox 1475 3794 1653 3875; x_wconf 91' lang='lat' dir='ltr'><strong>subditos,</strong></span> <span class='ocrx_word' id='word_1_472' title='bbox 1679 3807 1720 3861; x_wconf 94' lang='lat' dir='ltr'><strong>ut</strong></span> <span class='ocrx_word' id='word_1_473' title='bbox 1744 3793 1875 3862; x_wconf 88' lang='lat' dir='ltr'><strong>scilicet</strong></span> <span class='ocrx_word' id='word_1_474' title='bbox 1898 3793 1934 3859; x_wconf 90' lang='lat' dir='ltr'><strong>iu</strong></span> <span class='ocrx_word' id='word_1_475' title='bbox 1958 3791 2085 3880; x_wconf 79' lang='lat' dir='ltr'><strong>vulgus</strong></span> 
     </span>
     <span class='ocr_line' id='line_1_82' title="bbox 1099 3896 1637 3986; baseline -0.009 -18"><span class='ocrx_word' id='word_1_476' title='bbox 1099 3910 1248 3968; x_wconf 88' lang='lat' dir='ltr'><strong>manant</strong></span> <span class='ocrx_word' id='word_1_477' title='bbox 1262 3896 1419 3986; x_wconf 88' lang='lat' dir='ltr'><strong>exempla</strong></span> <span class='ocrx_word' id='word_1_478' title='bbox 1437 3907 1637 3986; x_wconf 89' lang='lat' dir='ltr'><strong>potentum.</strong></span> 
     </span>
    </p>
   </div>
   <div class='ocr_carea' id='block_1_34' title="bbox 1099 4007 2084 4314">
    <p class='ocr_par' dir='ltr' id='par_1_39' title="bbox 1099 4007 2084 4314">
     <span class='ocr_line' id='line_1_83' title="bbox 1200 4007 2081 4110; baseline -0.005 -28"><span class='ocrx_word' id='word_1_479' title='bbox 1200 4014 1261 4086; x_wconf 87' lang='lat' dir='ltr'><strong>Vs.</strong></span> <span class='ocrx_word' id='word_1_480' title='bbox 1284 4014 1370 4085; x_wconf 91' lang='grc'><strong>661.</strong></span> <span class='ocrx_word' id='word_1_481' title='bbox 1414 4008 1585 4110; x_wconf 69' lang='lat' dir='ltr'><strong>Tempus]</strong></span> <span class='ocrx_word' id='word_1_482' title='bbox 1628 4015 1722 4106; x_wconf 91' lang='lat' dir='ltr'><strong>quod</strong></span> <span class='ocrx_word' id='word_1_483' title='bbox 1754 4007 1959 4102; x_wconf 88' lang='lat' dir='ltr'><strong>prohibuit,</strong></span> <span class='ocrx_word' id='word_1_484' title='bbox 2002 4034 2081 4078; x_wconf 91' lang='lat' dir='ltr'><strong>cum</strong></span> 
     </span>
     <span class='ocr_line' id='line_1_84' title="bbox 1099 4116 2084 4207; baseline -0.009 -18"><span class='ocrx_word' id='word_1_485' title='bbox 1099 4118 1231 4189; x_wconf 89' lang='lat' dir='ltr'><strong>aediles</strong></span> <span class='ocrx_word' id='word_1_486' title='bbox 1245 4117 1448 4207; x_wconf 89' lang='lat' dir='ltr'><strong>redigerent</strong></span> <span class='ocrx_word' id='word_1_487' title='bbox 1468 4116 1629 4185; x_wconf 89' lang='lat' dir='ltr'><strong>tibicines</strong></span> <span class='ocrx_word' id='word_1_488' title='bbox 1651 4116 1697 4183; x_wconf 91' lang='lat' dir='ltr'><strong>ad</strong></span> <span class='ocrx_word' id='word_1_489' title='bbox 1723 4127 1857 4183; x_wconf 88' lang='lat' dir='ltr'><strong>certum</strong></span> <span class='ocrx_word' id='word_1_490' title='bbox 1882 4136 2084 4195; x_wconf 89' lang='lat' dir='ltr'><strong>numerum,</strong></span> 
     </span>
     <span class='ocr_line' id='line_1_85' title="bbox 1100 4213 1900 4314; baseline -0.006 -23"><span class='ocrx_word' id='word_1_491' title='bbox 1100 4235 1135 4292; x_wconf 94' lang='lat' dir='ltr'><strong>et</strong></span> <span class='ocrx_word' id='word_1_492' title='bbox 1151 4217 1386 4314; x_wconf 89' lang='lat' dir='ltr'><strong>prohiberent</strong></span> <span class='ocrx_word' id='word_1_493' title='bbox 1400 4218 1622 4308; x_wconf 90' lang='lat' dir='ltr'><strong>epulationes</strong></span> <span class='ocrx_word' id='word_1_494' title='bbox 1639 4218 1676 4284; x_wconf 92' lang='lat' dir='ltr'><strong>iu</strong></span> <span class='ocrx_word' id='word_1_495' title='bbox 1693 4218 1778 4285; x_wconf 93' lang='lat' dir='ltr'><strong>aede</strong></span> <span class='ocrx_word' id='word_1_496' title='bbox 1795 4213 1900 4286; x_wconf 88' lang='lat' dir='ltr'><strong>lovis.</strong></span> 
     </span>
    </p>
   </div>
   <div class='ocr_carea' id='block_1_35' title="bbox 1099 4330 2086 4640">
    <p class='ocr_par' dir='ltr' id='par_1_40' title="bbox 1099 4330 2086 4640">
     <span class='ocr_line' id='line_1_86' title="bbox 1201 4330 2083 4432; baseline -0.006 -26"><span class='ocrx_word' id='word_1_497' title='bbox 1201 4339 1263 4410; x_wconf 90' lang='lat' dir='ltr'><strong>Vs.</strong></span> <span class='ocrx_word' id='word_1_498' title='bbox 1278 4338 1367 4409; x_wconf 91' lang='grc'><strong>669.</strong></span> <span class='ocrx_word' id='word_1_499' title='bbox 1394 4334 1570 4432; x_wconf 70' lang='lat' dir='ltr'><strong>Quidam]</strong></span> <span class='ocrx_word' id='word_1_500' title='bbox 1596 4337 1726 4407; x_wconf 89' lang='lat' dir='ltr'><strong>scilicet</strong></span> <span class='ocrx_word' id='word_1_501' title='bbox 1742 4335 1947 4417; x_wconf 87' lang='lat' dir='ltr'><strong>libertinus,</strong></span> <span class='ocrx_word' id='word_1_502' title='bbox 1973 4330 2083 4402; x_wconf 89' lang='lat' dir='ltr'><strong>homo</strong></span> 
     </span>
     <span class='ocr_line' id='line_1_87' title="bbox 1099 4436 2086 4534; baseline -0.013 -20"><span class='ocrx_word' id='word_1_503' title='bbox 1099 4441 1187 4514; x_wconf 87' lang='lat' dir='ltr'><strong>boui</strong></span> <span class='ocrx_word' id='word_1_504' title='bbox 1203 4442 1357 4532; x_wconf 92' lang='lat' dir='ltr'><strong>ingenii,</strong></span> <span class='ocrx_word' id='word_1_505' title='bbox 1384 4441 1446 4534; x_wconf 92' lang='lat' dir='ltr'><strong>qui</strong></span> <span class='ocrx_word' id='word_1_506' title='bbox 1461 4440 1583 4510; x_wconf 86' lang='lat' dir='ltr'><strong>fuisset</strong></span> <span class='ocrx_word' id='word_1_507' title='bbox 1607 4441 1733 4530; x_wconf 90' lang='lat' dir='ltr'><strong>diguus</strong></span> <span class='ocrx_word' id='word_1_508' title='bbox 1758 4436 1935 4528; x_wconf 91' lang='lat' dir='ltr'><strong>superiori</strong></span> <span class='ocrx_word' id='word_1_509' title='bbox 1960 4438 2086 4505; x_wconf 92' lang='lat' dir='ltr'><strong>ordine</strong></span> 
     </span>
     <span class='ocr_line' id='line_1_88' title="bbox 1101 4543 1494 4640; baseline -0.005 -26"><span class='ocrx_word' id='word_1_510' title='bbox 1101 4569 1209 4640; x_wconf 92' lang='lat' dir='ltr'><strong>quam</strong></span> <span class='ocrx_word' id='word_1_511' title='bbox 1230 4543 1494 4612; x_wconf 89' lang='lat' dir='ltr'><strong>libertinorum.</strong></span> 
     </span>
    </p>
   </div>
   <div class='ocr_carea' id='block_1_36' title="bbox 1101 4652 2087 4857">
    <p class='ocr_par' dir='ltr' id='par_1_41' title="bbox 1101 4652 2087 4857">
     <span class='ocr_line' id='line_1_89' title="bbox 1201 4652 2087 4753; baseline -0.011 -25"><span class='ocrx_word' id='word_1_512' title='bbox 1201 4661 1263 4733; x_wconf 88' lang='grc' dir='ltr'><strong>νε.</strong></span> <span class='ocrx_word' id='word_1_513' title='bbox 1286 4660 1372 4733; x_wconf 89' lang='grc'><strong>674.</strong></span> <span class='ocrx_word' id='word_1_514' title='bbox 1414 4652 1709 4753; x_wconf 70' lang='grc' dir='ltr'><strong>Ρναεοοηιροείω]</strong></span> <span class='ocrx_word' id='word_1_515' title='bbox 1742 4657 1840 4727; x_wconf 91' lang='lat' dir='ltr'><strong>Sicut</strong></span> <span class='ocrx_word' id='word_1_516' title='bbox 1864 4668 1965 4725; x_wconf 90' lang='lat' dir='ltr'><strong>antea</strong></span> <span class='ocrx_word' id='word_1_517' title='bbox 1993 4654 2087 4720; x_wconf 86' lang='lat' dir='ltr'><strong>inter</strong></span> 
     </span>
     <span class='ocr_line' id='line_1_90' title="bbox 1101 4764 1847 4857; baseline -0.011 -22"><span class='ocrx_word' id='word_1_518' title='bbox 1101 4788 1137 4835; x_wconf 90' lang='lat' dir='ltr'><strong>se</strong></span> <span class='ocrx_word' id='word_1_519' title='bbox 1154 4775 1429 4857; x_wconf 89' lang='lat' dir='ltr'><strong>composuerant</strong></span> <span class='ocrx_word' id='word_1_520' title='bbox 1445 4764 1593 4832; x_wconf 90' lang='lat' dir='ltr'><strong>libertus</strong></span> <span class='ocrx_word' id='word_1_521' title='bbox 1613 4775 1648 4830; x_wconf 93' lang='lat' dir='ltr'><strong>et</strong></span> <span class='ocrx_word' id='word_1_522' title='bbox 1661 4771 1847 4853; x_wconf 89' lang='lat' dir='ltr'><strong>patronus.</strong></span> 
     </span>
    </p>
   </div>
   <div class='ocr_carea' id='block_1_37' title="bbox 1202 4871 2086 4976">
    <p class='ocr_par' dir='ltr' id='par_1_42' title="bbox 1202 4871 2086 4976">
     <span class='ocr_line' id='line_1_91' title="bbox 1202 4871 2086 4976; baseline -0.011 -27"><span class='ocrx_word' id='word_1_523' title='bbox 1202 4881 1263 4954; x_wconf 91' lang='lat' dir='ltr'><strong>Vs.</strong></span> <span class='ocrx_word' id='word_1_524' title='bbox 1281 4883 1368 4955; x_wconf 90' lang='grc'><strong>676.</strong></span> <span class='ocrx_word' id='word_1_525' title='bbox 1406 4874 1609 4976; x_wconf 69' lang='lat' dir='ltr'><strong>Vindictae]</strong></span> <span class='ocrx_word' id='word_1_526' title='bbox 1633 4877 1764 4969; x_wconf 82' lang='lat' dir='ltr'><strong>Virgae</strong></span> <span class='ocrx_word' id='word_1_527' title='bbox 1787 4871 1981 4967; x_wconf 89' lang='lat' dir='ltr'><strong>praetoris,</strong></span> <span class='ocrx_word' id='word_1_528' title='bbox 2015 4894 2086 4964; x_wconf 86' lang='lat' dir='ltr'><strong>qua</strong></span> 
     </span>
    </p>
   </div>
   <div class='ocr_carea' id='block_1_38' title="bbox 1102 4977 2088 5078">
    <p class='ocr_par' dir='ltr' id='par_1_43' title="bbox 1102 4977 2088 5078">
     <span class='ocr_line' id='line_1_92' title="bbox 1102 4977 2088 5078; baseline -0.013 -25"><span class='ocrx_word' id='word_1_529' title='bbox 1102 4998 1247 5076; x_wconf 84' lang='lat' dir='ltr'><strong>praetor</strong></span> <span class='ocrx_word' id='word_1_530' title='bbox 1263 4999 1411 5078; x_wconf 90' lang='lat' dir='ltr'><strong>tangens</strong></span> <span class='ocrx_word' id='word_1_531' title='bbox 1427 4986 1603 5078; x_wconf 86' lang='lat' dir='ltr'><strong>aliquem,</strong></span> <span class='ocrx_word' id='word_1_532' title='bbox 1627 4977 1885 5072; x_wconf 86' lang='lat' dir='ltr'><strong>pronuntiabat</strong></span> <span class='ocrx_word' id='word_1_533' title='bbox 1908 4998 1988 5043; x_wconf 89' lang='lat' dir='ltr'><strong>eum</strong></span> <span class='ocrx_word' id='word_1_534' title='bbox 2010 4996 2088 5041; x_wconf 88' lang='lat' dir='ltr'><strong>ma—</strong></span> 
     </span>
    </p>
   </div>
   <div class='ocr_carea' id='block_1_39' title="bbox 1136 5249 2085 5398">
    <p class='ocr_par' dir='ltr' id='par_1_44' title="bbox 1136 5249 2085 5398">
     <span class='ocr_line' id='line_1_93' title="bbox 1136 5249 2085 5384; baseline -0.019 -65"><span class='ocrx_word' id='word_1_535' title='bbox 1136 5263 1185 5330; x_wconf 80' lang='lat' dir='ltr'><strong>os)</strong></span> <span class='ocrx_word' id='word_1_536' title='bbox 1205 5265 1350 5384; x_wconf 53' lang='lat' dir='ltr'><strong>[mter]</strong></span> <span class='ocrx_word' id='word_1_537' title='bbox 1373 5262 1413 5312; x_wconf 87' lang='lat' dir='ltr'><strong>sto</strong></span> <span class='ocrx_word' id='word_1_538' title='bbox 1437 5260 1522 5312; x_wconf 77' lang='lat' dir='ltr'><strong>nutu.</strong></span> <span class='ocrx_word' id='word_1_539' title='bbox 1544 5258 1610 5308; x_wconf 75' lang='grc'><strong>1118</strong></span> <span class='ocrx_word' id='word_1_540' title='bbox 1626 5282 1660 5292; x_wconf 91' lang='grc'>-</span> <span class='ocrx_word' id='word_1_541' title='bbox 1676 5254 1768 5318; x_wconf 60' lang='lat' dir='ltr'><strong>asem</strong></span> <span class='ocrx_word' id='word_1_542' title='bbox 1804 5251 1884 5304; x_wconf 84' lang='lat' dir='ltr'><strong>ovid.</strong></span> <span class='ocrx_word' id='word_1_543' title='bbox 1909 5250 1959 5305; x_wconf 79' lang='lat' dir='ltr'><strong>llct.</strong></span> <span class='ocrx_word' id='word_1_544' title='bbox 1977 5249 2085 5314; x_wconf 75' lang='lat' dir='ltr'><strong>Gtertg.</strong></span> 
     </span>
     <span class='ocr_line' id='line_1_94' title="bbox 1168 5337 1321 5398; baseline -0.02 -12"><span class='ocrx_word' id='word_1_545' title='bbox 1168 5337 1198 5398; x_wconf 86' lang='lat' dir='ltr'><strong>i,</strong></span> <span class='ocrx_word' id='word_1_546' title='bbox 1277 5346 1321 5384; x_wconf 82' lang='lat' dir='ltr'><strong>os.</strong></span> 
     </span>
    </p>
   </div>
   <div class='ocr_carea' id='block_1_40' title="bbox 1138 5402 2088 5563">
    <p class='ocr_par' dir='ltr' id='par_1_45' title="bbox 1138 5402 2088 5563">
     <span class='ocr_line' id='line_1_95' title="bbox 1138 5402 2088 5563; baseline -0.016 -79"><span class='ocrx_word' id='word_1_547' title='bbox 1138 5433 1327 5563; x_wconf 46' lang='lat' dir='ltr'><strong>‘ww</strong></span> <span class='ocrx_word' id='word_1_548' title='bbox 1347 5430 1387 5479; x_wconf 76' lang='lat' dir='ltr'><strong>oe</strong></span> <span class='ocrx_word' id='word_1_549' title='bbox 1405 5431 1431 5478; x_wconf 87' lang='grc'><strong>1.</strong></span> <span class='ocrx_word' id='word_1_550' title='bbox 1450 5430 1467 5479; x_wconf 84' lang='lat' dir='ltr'><strong>t.</strong></span> <span class='ocrx_word' id='word_1_551' title='bbox 1486 5428 1568 5478; x_wconf 78' lang='grc'><strong>111111.</strong></span> <span class='ocrx_word' id='word_1_552' title='bbox 1586 5402 1793 5483; x_wconf 44' lang='lat' dir='ltr'><strong>rasa-*taeta</strong></span> <span class='ocrx_word' id='word_1_553' title='bbox 1816 5423 1894 5475; x_wconf 73' lang='lat' dir='ltr'><strong>oua.</strong></span> <span class='ocrx_word' id='word_1_554' title='bbox 1917 5422 1963 5470; x_wconf 82' lang='lat' dir='ltr'><strong>aa.</strong></span> <span class='ocrx_word' id='word_1_555' title='bbox 1982 5417 2088 5479; x_wconf 69' lang='lat' dir='ltr'><strong>uteru.</strong></span> 
     </span>
     <span class='ocr_line' id='line_1_96' title="bbox 1280 5513 1323 5551; baseline 0.023 -1"><span class='ocrx_word' id='word_1_556' title='bbox 1280 5513 1323 5551; x_wconf 80' lang='lat' dir='ltr'><strong>trs.</strong></span> 
     </span>
    </p>
   </div>
   <div class='ocr_carea' id='block_1_41' title="bbox 0 0 2386 6004">
    <p class='ocr_par' dir='ltr' id='par_1_46' title="bbox 0 0 2386 6004">
     <span class='ocr_line' id='line_1_97' title="bbox 0 0 2386 6004; baseline 0 0"><span class='ocrx_word' id='word_1_557' title='bbox 0 0 2386 6004; x_wconf 95' lang='lat' dir='ltr'><strong> </strong></span> 
     </span>
    </p>
   </div>
  </div>
 </body>
</html>
