4762 6008
180 325 257 400 686

180 500 361 577 videntes,
385 507 535 565 movent
555 494 820 566 contentionem
843 496 888 564 de
912 495 1048 568 exuviis
1073 495 1166 589 apri.

180 598 231 669 lta
248 611 365 670 autem
382 598 459 667 beri
480 596 590 681 solet,
620 610 662 668 ut
683 596 887 690 saepissime
910 599 1005 668 inter
1027 599 1167 670 amicis·

179 702 308 783 simos,
332 700 497 771 laborum
512 711 550 769 et
564 699 807 791 periculorum
822 700 951 784 socios,
971 701 1015 770 de
1031 698 1167 772 exuviis

179 805 271 896 apri,
297 798 366 870 boc
381 814 445 887 est,
464 804 509 870 de
526 801 713 873 levissimis
729 802 836 872 rebus
851 815 1068 873 moveantur
1081 826 1166 873 con-

177 901 375 984 tentiones,
401 927 494 997 quae
510 902 666 973 afferunt
679 903 897 995 reipublicae
918 926 1085 995 magnam
1109 926 1167 973 ca·

177 1005 387 1074 lamitatem.

468 1223 698 1315 Meleagri
723 1223 878 1307 fatum.

230 1352 388 1427 vss.451
400 1383 453 1453 sq.
479 1361 596 1446 Stipes
611 1367 695 1443 erat,
718 1380 824 1450 queas,
840 1381 914 1426 casm
923 1368 1046 1444 panus
1058 1361 1168 1429 enies

595 1462 718 1527 iaceret
999 1533 1003 1539 ,

235 1563 407 1643 nenias,
436 1564 472 1629 in
482 1561 659 1646 flammans
673 1559 824 1647 triplices
836 1582 976 1647 pesum
989 1582 1131 1630 sermea.

280 1679 383 1773 Quae
404 1680 448 1746 de
475 1676 573 1745 l'atali
601 1676 949 1768 stipiterel‘eruntur
977 1676 1016 1745 in
1046 1677 1166 1768 ignem

177 1781 316 1871 posito,
343 1778 572 1867 intelligenda
596 1791 679 1849 sunt
702 1774 798 1849 baud
822 1779 930 1847 dubie
951 1780 996 1848 de
1018 1778 1166 1870 magicis

179 1879 481 1958 execrationibus,
517 1879 645 1972 quibus
657 1874 809 1949 Althaea
825 1878 1007 1972 Meleagro
1033 1881 1166 1973 impre-

177 1997 256 2053 cata
282 1996 336 2055 est
357 1994 522 2052 mortem.
585 1980 679 2052 Nam
707 1980 885 2051 Homerus
907 1994 1058 2053 testatur
1084 2007 1163 2053 eam

178 2107 297 2156 orasse
319 2083 509 2155 Plutonem
537 2095 571 2151 et
593 2083 872 2175 Proserpinam,
904 2096 945 2153 ut
967 2083 1042 2153 tilio
1068 2109 1164 2157 mor·

177 2199 248 2255 tem
265 2187 454 2268 afferrent,
479 2210 523 2255 ex
536 2210 608 2278 quo
624 2186 957 2257 sanemanilestum
981 2198 1053 2270 est,
1083 2210 1163 2258 eam

178 2288 324 2379 magicis
338 2287 544 2358 ministeriis
562 2311 662 2357 usam
680 2312 766 2357 esse.
816 2288 864 2355 At
878 2311 984 2368 vero,
1009 2302 1164 2379 quantus

178 2391 319 2459 dicendi
334 2388 461 2456 artilex
475 2387 521 2458 sit
535 2385 706 2468 Ovidius,
732 2410 909 2479 nusquam
925 2399 1076 2475 apparet
1091 2412 1164 2458 me-

176 2491 258 2573 lius,
284 2514 392 2583 quam
409 2512 450 2557 ex
464 2478 570 2557 rebus
584 2487 744 2577 tragicis,
767 2488 805 2553 in
821 2486 950 2579 quibus
964 2487 1164 2558 describen-

178 2592 233 2677 dis
247 2616 288 2659 ac
302 2588 497 2675 tractandis
511 2588 560 2656 ita
581 2589 750 2658 mirificus
773 2600 847 2670 est,
880 2587 928 2656 ita
951 2601 1098 2678 regnat,
1125 2603 1165 2660 ut

180 2717 304 2762 omncs
320 2691 572 2781 cogitationes,
599 2690 745 2761 allectus
759 2704 796 2759 et
817 2703 936 2760 motus
957 2690 1162 2761 animorum

178 2796 216 2863 in
238 2806 412 2886 potestate
438 2805 473 2859 et
493 2791 595 2884 quasi
619 2793 656 2859 in
675 2816 786 2864 manu
806 2816 869 2862 sua
890 2786 1022 2862 habere
1044 2792 1164 2863 videa·

178 2911 252 2969 tur:
289 2895 379 2966 sicut
402 2906 552 2987 apparet
578 2918 620 2964 ex
643 2895 762 2963 l'abula
787 2888 969 2986 Thysbes,
1002 2892 1163 2979 Medeae,

175 2998 356 3077 Procnes,
382 2995 539 3089 Scyllae,
565 3009 601 3065 et
616 2996 653 3065 in
677 2994 803 3088 primis
825 3021 867 3064 ex
889 2993 956 3065 hac
977 2996 1097 3067 fabula
1118 3000 1163 3067 de

178 3095 329 3168 Althaea
347 3096 521 3188 flagrante
537 3098 731 3190 cupiditate
755 3097 945 3170 vindictae.
1002 3096 1086 3171 Non
1111 3112 1164 3171 est

179 3202 274 3272 enim
289 3199 442 3271 cuiusvis
456 3199 600 3271 artificis
615 3201 807 3294 depingere
821 3213 857 3269 et
871 3199 1068 3292 exprimere
1086 3225 1163 3271 ver·

178 3302 232 3375 bis
248 3303 354 3373 talem
370 3297 527 3372 hominis
540 3301 754 3395 imaginem,
779 3303 901 3398 inqua
917 3303 1090 3373 contrarii
1111 3304 1163 3373 af·

178 3406 307 3487 lectus,
334 3405 409 3489 ira,
435 3417 567 3489 metus,
593 3405 812 3497 indignatio,
845 3419 881 3476 et
906 3404 1163 3490 misericordia,

178 3507 283 3578 simul
298 3508 560 3601 exprimantur,
587 3509 728 3603 qualem
744 3510 818 3600 ipse
836 3508 989 3602 effingit,
1016 3534 1097 3580 cum
1117 3510 1162 3578 de

178 3604 329 3680 Althaea
350 3611 400 3677 ait
423 3610 516 3700 (Vsa.
536 3607 800 3704 466-474.);

228 3735 337 3814 Saepe
351 3738 439 3796 arsetas
451 3732 585 3797 sceleris
595 3732 765 3815 pollebant
781 3754 841 3797 oea
851 3730 966 3814 futuri
973 3776 986 3809 ,
1008 3776 1011 3781 -

230 3835 338 3915 Saepe
354 3850 451 3895 sesam
458 3827 595 3916 semesas
607 3833 710 3899 oeulis
723 3831 826 3898 dalet
841 3833 896 3897 ira
913 3831 1065 3899 ruborem
1072 3880 1084 3911 ,

231 3935 274 4001 Et
291 3934 402 4012 arando,
431 3932 540 3997 neseio
556 3933 656 4020 quid,
682 3931 808 3999 similis
822 3929 954 3999 medela
968 3933 1116 4002 miserati

234 4036 266 4100 V
262 4032 352 4101 altiss
366 4040 459 4113 aas,
486 4033 686 4124 modoquest
703 4035 859 4103 sniserers‘
875 4034 1008 4102 credere
1017 4056 1142 4120 posses.

231 4137 375 4225 Getasque
384 4133 483 4222 [erus
495 4135 666 4223 lacrymas
680 4137 789 4203 senisii
801 4138 984 4203 siccaverat
999 4128 1121 4217 ardes,

230 4238 491 4305 Inveniebantur
506 4237 675 4326 lacrymae
689 4248 820 4305 tomen.-
846 4246 946 4330 utque
959 4240 1098 4319 cocina,

230 4341 336 4419 Ossam
355 4348 470 4407 areatas
484 4348 638 4431 uentoque
654 4342 745 4426 rapit
760 4342 953 4409 eontrarisss
967 4350 1097 4421 sensas,

232 4444 305 4509 Vim
316 4446 490 4529 geminans
504 4445 623 4524 sentit,
647 4452 808 4536 paratque
823 4447 952 4513 incesta
966 4443 1110 4514 duolnsa

230 4546 385 4614 Thestias
398 4543 488 4611 laud
501 4544 602 4613 alites·
616 4545 729 4613 dsds'is
743 4543 914 4632 affectibus
928 4555 1043 4627 erras,

226 4648 329 4737 laque
346 4651 432 4715 riees
443 4648 557 4735 ponit,
581 4648 790 4738 positamque
804 4649 984 4717 resuscitat
999 4652 1100 4717 iram.
1143 4726 1147 4733 ,
1214 4726 1217 4733 ,

172 4758 307 4848 Magna
331 4779 449 4833 aretem
476 4766 529 4835 vis
554 4765 781 4859 eloquentiae
804 4776 877 4847 est,
910 4776 951 4834 ut
973 4786 1078 4855 saepe
1096 4768 1159 4833 acl·

170 4863 321 4945 monui,
347 4866 476 4938 inillis
498 4867 787 4941 contentionibus
809 4890 872 4937 seu
895 4866 998 4938 luctis
1018 4865 1158 4935 animo-

169 4986 276 5045 rum,
302 4967 424 5058 quales
440 4992 580 5040 necesse
593 4983 646 5040 est
659 4972 809 5043 existere
822 4969 862 5037 in
877 4963 1085 5041 hominibus
1105 4970 1158 5038 ia·

171 5064 297 5135 cinora
314 5065 611 5143 machinantibus.
662 5072 778 5143 Nemo
795 5085 850 5143 est
869 5071 966 5142 enim
988 5084 1062 5142 tam
1084 5094 1158 5142 sce·

167 5167 326 5250 letatus,
361 5171 460 5242 cuius
479 5172 622 5243 animus
643 5199 720 5244 non
741 5174 883 5266 saepius
902 5175 1094 5245 reluctetur
1121 5185 1158 5244 et

170 5271 410 5363 reprehendat
425 5299 527 5345 suum
542 5276 714 5359 lurorem,
740 5289 933 5369 antequam
949 5277 1158 5373 obsequitur

170 5372 366 5448 affectibus.
417 5377 474 5445 Ad
491 5371 578 5447 haee
594 5401 703 5472 quam
717 5379 779 5450 illa
795 5390 881 5450 sunt
893 5379 1041 5473 tragica,
1064 5403 1156 5475 quae

171 5477 215 5543 ab
231 5475 377 5549 Althaea
395 5480 563 5550 dicuntur
583 5478 678 5573 (Vas.
695 5478 960 5577 48ἲ-486.);

423 272 429 283 ’
488 321 577 397 xci.
627 322 914 398 ananmno
955 323 1082 397 nram
1110 322 1203 401 vm.
1236 328 1708 406 naaranonnnosaon
1742 334 1902 409 ovmn.

2133 340 2208 418 586

1270 506 1470 573 Ecsnscnides
1485 508 1595 574 asseris
1610 506 1716 573 endas
1740 510 1903 578 secante
1919 514 2045 579 ssostris
2054 508 2098 604 ¹⁴)

1273 604 1439 688 Ulciscor,
1458 606 1611 698 liscisque
1625 604 1741 693 sedas,
1765 626 1863 677 mons
1879 620 1983 678 morte
2001 616 2131 698 pianda
2144 624 2207 685 est.

1270 709 1313 773 ln
1329 705 1436 774 scelus
1449 711 1636 776 addendum
1651 709 1758 777 scelus
1768 719 1837 790 est,
1866 714 1902 778 in
1916 710 2042 798 [onera
2059 710 2177 799 fisssss.

1275 809 1339 873 l'er
1353 818 1560 876 conces-colos
1573 819 1693 895 pereat
1708 813 1825 878 domasa
1841 816 1947 898 impia
1963 813 2083 883 laetos.

1217 920 1281 992 Est
1302 923 1423 1018 itaque
1446 924 1540 994 inter
1565 926 1756 1019 praecipua
1788 928 2012 1024 eloquentiae
2045 930 2206 1023 exempla

1218 1018 1306 1093 haec
1330 1049 1473 1119 quoque
1498 1020 1672 1098 Althaeae
1695 1029 1890 1121 disputatio
1910 1055 1973 1104 seu
1994 1031 2207 1104 deliberatio

1219 1125 1457 1297 ezservpnda,
1482 1153 1552 1223 qua
1567 1128 1626 1198 vix
1640 1142 1758 1220 potest
1776 1131 1967 1227 quicquam
1984 1134 2132 1227 cogitari
2148 1158 2205 1204 ar-

1219 1239 1245 1296 ta
1272 1252 1413 1300 crassus.

1296 1384 1518 1474 Meleagri
1544 1409 1734 1456 sorores
1758 1386 1802 1455 in
1830 1388 2163 1477 avesMeleav

1594 1488 1747 1575 grides
1770 1486 1828 1583 ¹⁸).

1320 1603 1419 1673 Sicut
1443 1602 1651 1695 peregrinae
1675 1606 1853 1698 quaedam
1875 1631 1958 1678 aves
1985 1633 2084 1678 nono
2115 1632 2205 1702 quo·
2300 1618 2305 1647 ¹

1218 1728 1289 1798 que
1303 1727 1400 1775 anno
1413 1705 1452 1774 in
1463 1705 1647 1777 Pressiam
1670 1707 1863 1792 advolant,
1895 1734 1987 1803 quae
2011 1711 2118 1802 vulp
2133 1709 2202 1779 Pa-

1216 1805 1323 1878 risiae
1348 1832 1433 1879 aves
1456 1810 1641 1880 dicuntur:
1676 1810 1725 1878 ita
1750 1811 1855 1882 certis
1876 1813 2097 1904 temporibus
2120 1836 2202 1884 aves

1218 1932 1260 1979 es
1274 1909 1395 1981 Africa
1410 1911 1449 1979 in
1463 1909 1653 1981 Boeotiam
1669 1913 1861 1995 advolant,
1887 1938 1976 2007 quas
1991 1927 2118 2005 poetae
2136 1916 2202 1982 lin-

1216 2023 1304 2101 gunt
1327 2036 1470 2083 sorores
1492 2012 1599 2085 luisse
1620 2012 1813 2106 Meleagri,
1854 2017 1938 2108 quia
1959 2018 2099 2099 locum,
2139 2014 2201 2086 ubi

1216 2112 1396 2204 Meleager
1423 2115 1621 2185 tumulatus
1650 2128 1729 2197 est,
1774 2108 1929 2187 maxime
1959 2120 2201 2211 frequentant.

1216 2213 1395 2286 Videntur
1426 2230 1545 2286 autem
1570 2214 1804 2307 Meleagrides
1832 2242 1906 2289 esse
1932 2222 2079 2290 eaedem
2105 2243 2201 2302 aves,

1215 2330 1368 2386 autnon
1383 2316 1571 2389 dissimiles
1587 2317 1651 2403 iis,
1677 2344 1770 2413 quae
1793 2344 1835 2390 ex
1849 2318 1950 2391 India
1976 2346 2092 2416 nuper
2113 2321 2200 2391 alla-

1215 2429 1273 2485 tae
1303 2429 1405 2500 suut,
1445 2442 1488 2485 ac
1520 2430 1695 2488 vocantur
1718 2421 2051 2511 gallinaelndicae.
2108 2422 2203 2494 Nam

1215 2516 1354 2587 Plinius
1364 2516 1410 2611 ¹⁶)
1425 2520 1534 2587 relert
1548 2542 1621 2590 esse
1640 2520 1854 2610 gallinarum
1881 2550 1992 2617 genus
2015 2525 2201 2617 gibberum

1216 2617 1384 2689 aerariis
1404 2642 1567 2711 sparsum
1592 2619 1743 2712 plumis,
1775 2627 2082 2722 novissimumque
2102 2650 2203 2717 pere-

1215 2720 1399 2813 grinarum
1422 2721 1544 2792 avium
1567 2722 1761 2795 admissum
1787 2725 1825 2793 in
1853 2752 2013 2812 mensas,
2054 2740 2204 2821 propter

1213 2822 1396 2915 ingratum
1418 2822 1528 2897 virus.

1240 2975 1490 3059 Perimele,
1530 2976 1924 3070 Hippodomautis
1958 2977 2081 3055 lilia,
2130 2979 2176 3046 in

1599 3081 1811 3152 insulam.

1265 3145 1428 3266 Vsedssd.
1455 3200 1497 3266 ln
1511 3201 1660 3280 lotidem,
1682 3202 1802 3268 meliis
1817 3204 1905 3293 quod
1914 3199 1958 3289 Π)
1974 3201 2088 3267 cernis
2098 3200 2201 3267 Belsi-

1630 3304 1738 3370 nodas
1753 3304 1865 3371 andis.

1314 3412 1517 3487 Echinades
1531 3418 1682 3502 insulae,
1704 3444 1793 3514 quas
1810 3419 2000 3490 inundatio
2016 3428 2051 3488 et
2067 3417 2202 3490 alluvio

1214 3516 1350 3601 effecit,
1376 3518 1515 3608 poetice
1536 3521 1721 3610 linguntur
1744 3523 1790 3589 ab
1803 3517 1962 3590 Acheloo
1982 3532 2018 3589 et
2030 3516 2201 3610 Neptuno

1214 3620 1378 3701 effectae,
1405 3618 1489 3710 quia
1504 3618 1539 3685 vi
1562 3643 1738 3713 aquarum
1763 3621 1818 3688 vel
1839 3621 2123 3711 interrumpente
2145 3619 2202 3689 vel
2292 3623 2298 3633 ’

1213 3731 1402 3810 aggerente
1423 3730 1557 3787 terram
1580 3719 1717 3789 insulae
1738 3734 1944 3791 nascuntur.
2003 3718 2202 3813 Emergunt

1213 3822 1321 3891 etiam
1344 3820 1382 3889 in
1409 3819 1502 3887 mari
1527 3819 1683 3903 insulae,
1728 3824 1875 3915 quando
1896 3835 1958 3892 aut
1984 3847 2077 3916 aqua
2105 3847 2201 3894 rece·

1211 3924 1284 4006 dit,
1303 3935 1366 3992 aut
1380 3921 1525 4014 spiritus
1539 3934 1656 3991 terrae
1671 3923 1826 3994 inclusus
1840 3937 1967 4017 potens
1983 3936 2092 4019 atque
2108 3924 2200 3998 acris

1211 4027 1326 4120 ipsam
1341 4038 1476 4095 terram
1490 4022 1559 4094 sibi
1572 4024 1721 4096 luctanti
1736 4027 1957 4099 resistentem
1979 4027 2130 4111 attollit,
2164 4040 2200 4096 et

1210 4150 1343 4221 magno
1358 4127 1495 4220 impetu
1509 4127 1703 4220 protrudit.
1752 4128 1832 4200 lloc
1854 4128 1963 4224 igitur
1984 4131 2095 4201 modo
2111 4128 2199 4200 Ovi·

1211 4232 1291 4304 dius
1307 4229 1443 4302 indicat
1464 4243 1499 4300 et
1514 4228 1716 4302 Perimelen
1740 4232 1914 4316 extitisse,
1947 4258 2027 4304 cum
2053 4233 2123 4314 ait,
2155 4232 2199 4303 il·

1211 4334 1283 4405 lam
1301 4334 1409 4407 luisse
1432 4346 1609 4405 servatam
1636 4334 1808 4405 beneficio
1822 4334 2002 4429 Neptuni,
2033 4359 2079 4405 ne
2102 4359 2197 4406 mer-

1210 4451 1370 4530 geretur:
1405 4437 1453 4505 ita
1470 4438 1516 4507 ad
1534 4435 1671 4508 labulas
1687 4440 1919 4522 transfertur,
1954 4439 2050 4533 quod
2075 4462 2196 4509 rerum

1210 4552 1338 4611 natura
1355 4538 1448 4609 lecit.

1442 4675 1608 4748 Bacasis
1634 4689 1677 4744 et
1701 4672 1957 4747 Philemon.

1310 4797 1477 4869 Baucidis
1491 4809 1528 4866 et
1541 4792 1764 4867 Philemonis
1776 4796 1897 4867 fabula
1912 4798 2017 4865 docet
2034 4789 2194 4886 hospita·
2265 4850 2268 4855 .

1209 4899 1343 4969 litatem
1368 4923 1409 4969 ac
1430 4900 1669 4989 frugalitatem
1693 4896 1770 4968 Deo
1794 4910 1931 4989 gratam
1956 4921 2041 4969 esse.
2093 4892 2191 4967 ldem

1211 5043 1343 5054 *an-‹nm-
1348 5045 1351 5049 ·
1360 5044 1414 5053 ιιι-ι

1245 5117 1290 5182 tt)
1308 5118 1434 5178 nostris]
1453 5115 1493 5165 stc
1512 5115 1594 5165 editt.
1612 5115 1704 5174 tm,
1725 5114 1816 5161 aare:
1842 5109 1920 5160 octat.
1946 5112 1994 5161 ΕΙ.
2014 5111 2124 5162 ttitscts.
2142 5126 2193 5164 es-

1243 5191 1387 5332 tblnthiid.
1405 5272 1469 5322 Met.
1488 5269 1564 5333 xnt,
1578 5266 1639 5319 52⁰.
2244 5300 2248 5317 .,

1244 5356 1290 5423 18)
1307 5356 1377 5407 Plio.
1397 5357 1459 5406 Nat.
1479 5353 1550 5403 nest.
1569 5352 1604 5403 Χ.
1622 5365 1646 5402 c.
1662 5350 1706 5403 88.
1732 5350 1780 5405 llll.
1796 5352 1897 5403 enas.
1917 5358 1953 5413 [c.
1970 5352 2013 5403 τῦ.
2032 5351 2118 5404 saite
2136 5364 2190 5403 sn·

1244 5424 1398 5576 nimidas]
1417 5510 1458 5560 sic
1474 5506 1559 5559 natat.
1578 5507 1669 5570 tede,
1691 5506 1783 5567 tetta
1810 5508 1888 5559 oua.
1905 5508 1953 5558 κά.
1968 5483 2074 5557 tiltres.
2093 5506 2171 5569 esst.
