4762 6008
170 292 247 372 243
745 280 870 354 unu.
902 280 1015 353 ner..
1050 274 1252 351 sentem
1284 272 1627 352 rmuouoclca
2121 288 2202 363 244

172 462 347 533 rabuntur
367 482 447 530 eum
470 456 588 527 Diana
612 466 647 523 et
668 454 808 536 Pallas,
848 456 950 546 (Ant.
963 452 1019 548 8.)
1049 452 1157 542 inter·
1181 484 1186 601 Ι
1210 449 1275 517 viti
1292 462 1736 543 coronaverunt,propter
1751 449 1940 542 Aeginam.
1973 452 2084 526 Venit
2104 458 2201 530 euim

171 565 347 636 ficientem
364 583 487 632 cervos
501 559 577 630 sine
596 556 742 625 canibus
760 567 795 623 et
815 556 891 623 siue
904 555 1051 624 retibus.
1092 554 1158 623 Pe-
1211 550 1347 621 amicus
1360 553 1404 621 ad
1421 551 1578 635 amicos,
1604 556 1650 623 ad
1666 551 1879 645 hospitalem
1895 556 2045 641 urbem,
2069 562 2117 629 ad
2138 585 2202 633 au-

173 668 277 738 dibus
292 663 387 735 euim
404 662 556 730 valebat.
608 657 723 726 Venio
742 659 786 725 ad
802 652 873 726 hoc
886 670 987 726 vetus
1011 657 1159 737 dictum,
1182 605 1187 711 i
1211 654 1283 723 lam
1294 652 1480 737 Herculis,
1505 658 1598 742 (Str.
1610 654 1664 751 4.)
1681 680 1761 726 cum
1780 680 1853 750 quo
1868 650 2203 735 Troiam'l'elamou

174 768 272 865 quod
296 788 403 836 senex
417 759 553 833 Chiron
577 759 615 827 iu
636 782 740 829 saxea
761 761 871 829 domo
888 759 977 829 aluit
994 755 1157 828 Iasonem
1182 720 1187 865 Ι
1211 756 1446 847 expugnavit,
1488 768 1524 825 et
1549 756 1662 841 Coos,
1703 770 1739 827 et
1769 758 1961 849 Gigantcm
1983 760 2199 858 Alcyouea3

174 868 490 959 etAescnlapium,
517 886 622 957 quem
639 860 763 931 docuit
778 856 1058 953 pharmacorum
1073 860 1160 928 arti·
1182 874 1188 933 t
1211 880 1277 927 nec
1304 870 1425 927 tamen
1459 858 1563 941 vicit,
1601 860 1812 954 priusquam
1835 860 1980 932 Herculi
2009 866 2201 939 duodecim

173 972 332 1042 liciosam
366 966 580 1038 doctrinam.
647 963 787 1033 Deinde
821 962 1012 1055 despondit
1050 962 1159 1031 Peleo
1211 960 1404 1053 quadrigas
1418 960 1608 1047 contrivit,
1633 974 1670 1030 et
1685 962 1723 1030 iu
1739 962 1789 1032 eis
1805 962 1933 1054 viginti
1957 980 2116 1059 quatuor
2132 971 2201 1041 mi·

174 1069 386 1154 Thetidem,
421 1083 456 1139 et
482 1067 646 1138 educavit
670 1066 782 1135 tilium
809 1067 1059 1148 excellentem,
1102 1086 1160 1133 or·
1211 1062 1308 1146 lites,
1335 1062 1428 1132 iacto
1444 1062 1574 1153 lapide.
1631 1061 1820 1155 imperitus
1836 1079 1889 1136 est
1910 1069 2110 1156 bellorum,
2134 1074 2199 1169 qui

173 1198 266 1245 naus
283 1173 443 1243 animum
464 1169 631 1239 omuibus
645 1168 855 1251 virtutibus,
891 1165 972 1259 (Ep.
989 1166 1043 1263 3.)
1058 1178 1098 1236 ut
1114 1167 1160 1234 ad
1183 1192 1188 1341 Ι
1212 1188 1287 1233 non
1302 1163 1470 1255 iutelligit
1484 1165 1636 1236 dictum:
1671 1165 1701 1234 F
1703 1166 1875 1237 acieutem
1892 1169 2031 1263 aliquid
2055 1187 2199 1265 oportet

175 1276 324 1348 Troiam
347 1275 433 1344 flatu
454 1285 645 1342 ventorum
672 1272 869 1361 profectus,
909 1292 1068 1362 pugnam
1090 1265 1161 1360 Ly·
1213 1278 1249 1335 ct
1262 1266 1337 1358 pati
1354 1266 1503 1360 aliquid.
1554 1263 1645 1359 (Sir.
1662 1264 1717 1365 6.)
1740 1269 1850 1340 Plura
1869 1271 2062 1345 meditere
2075 1272 2198 1368 prohi-

175 1378 314 1449 ciorum
339 1389 375 1448 et
396 1374 652 1445 Dardanorum
675 1372 884 1456 sustineret,
910 1386 945 1442 et
956 1368 1160 1465 Phrygum:
1183 1346 1189 1537 i
1211 1369 1272 1438 bet
1285 1368 1363 1451 lex,
1386 1381 1422 1438 et
1437 1369 1559 1438 Horae
1574 1369 1793 1442 festinantes.
1845 1369 1991 1445 'trahor
2013 1388 2135 1449 autern
2159 1392 2200 1449 nt

177 1494 213 1551 et
236 1502 400 1571 pugnans
426 1502 505 1547 cum
528 1470 764 1567 Aethiopibus
795 1475 985 1566 cogitaret,
1017 1497 1064 1543 ue
1084 1472 1162 1543 Me·
1212 1470 1369 1554 lasciuo,
1402 1482 1443 1542 ut
1474 1472 1654 1542 novilunii
1693 1497 1866 1566 pompam
1904 1476 2100 1571 attingam..
2153 1478 2199 1551 Et

175 1605 291 1651 muou
309 1578 479 1673 patruelis
496 1578 624 1647 Heleni
641 1578 789 1647 domum
803 1578 948 1651 rediret.
1000 1575 1092 1667 (sar.
1107 1573 1161 1669 4.)
1214 1597 1434 1668 quamquam
1443 1575 1622 1664 profunda
1641 1573 1755 1647 insula
1767 1588 1864 1647 tenet
1876 1579 2040 1651 medium.
2049 1582 2197 1667 saltum,

177 1680 264 1753 lude
292 1682 425 1752 clarum
451 1682 573 1752 lumen
596 1692 649 1751 cst
671 1679 930 1763 Aeacidarum,
968 1677 1161 1770 olupiter;
1212 1686 1333 1744 tamen
1351 1676 1473 1747 resiste
1489 1676 1660 1760 invidiae,
1684 1690 1725 1748 ut
1738 1680 1852 1771 magis
1866 1680 2105 1753 videamuriu
2118 1686 2198 1757 luet

177 1799 260 1856 tuus
277 1784 371 1853 euim
388 1784 531 1875 sanguis
547 1794 617 1866 est,
643 1796 745 1852 tuum
763 1795 961 1852 certamen:
988 1782 1087 1877 quod
1104 1776 1162 1849 hic
1213 1776 1369 1860 versari,
1401 1778 1528 1849 melius
1553 1803 1661 1872 quam
1683 1775 1815 1853 hostes.
1873 1782 1964 1855 Nam
1991 1784 2199 1857 invidmin

176 1883 334 1980 hymnus
349 1910 434 1955 voce
452 1886 621 1955 iuvenum
635 1884 789 1955 celebrat
805 1885 899 1954 iuter
913 1884 1111 1976 indigenas,
1127 1894 1162 1951 et
1214 1879 1370 1949 tenebris
1386 1881 1492 1951 inane
1507 1894 1542 1952 et
1550 1876 1686 1951 humile
1696 1884 1883 1954 consilium
1892 1886 2013 1959 volvit.
2038 1884 2131 1980 (Str.
2140 1888 2198 1985 6.)

178 2000 304 2059 cantus
332 1988 504 2058 victorem
526 1986 773 2058 Aristoclidem
800 1998 926 2070 ornat,
967 1986 1030 2080 qui
1055 1982 1162 2056 huius
1185 1972 1190 1989 '
1213 1980 1283 2052 sed
1301 1977 1389 2051 mihi
1404 2006 1512 2078 quam
1534 1983 1699 2055 virtutem
1720 1986 1817 2056 dedit
1831 1986 1948 2074 Deus,
1964 1989 2200 2081 perficietur-

177 2091 315 2162 insulae
332 2091 483 2180 gloriam
503 2089 613 2172 ararit,
636 2101 672 2159 et
686 2089 860 2180 templum
875 2088 1032 2158 reddidit
1045 2087 1162 2180 splen·
1214 2083 1316 2154 niens
1334 2097 1486 2177 tempus.
1538 2086 1596 2157 Tu
1612 2111 1698 2157 vero
1711 2089 1823 2160 dulcis
1847 2086 2006 2177 cithara,
2030 2104 2199 2185 praetexe

178 2192 308 2262 didius.
371 2191 600 2283 Experieutia
635 2192 808 2275 ostendit,
835 2216 906 2287 qua
941 2191 1091 2287 quiaque
1123 2212 1162 2258 re
1215 2210 1359 2256 carmen
1375 2186 1489 2281 Lydia
1515 2185 1704 2258 harmonia
1722 2190 1895 2263 Oeuouae
1912 2207 1948 2263 et
1963 2193 2105 2289 Cypro,
2136 2195 2199 2265 ubi

179 2294 337 2365 excellat.
389 2292 490 2388 (Ant.
506 2292 559 2387 4.)
581 2290 679 2364 luter
694 2293 841 2365 iuvenes
857 2307 909 2366 est
923 2294 1082 2376 iuvenis,
1107 2290 1163 2359 vir
1215 2288 1354 2359 Teucer
1370 2304 1440 2370 est;
1459 2291 1550 2361 Aiax
1567 2316 1653 2362 vero
1668 2305 1765 2364 tenet
1776 2294 2009 2369 Salaminam.
2043 2295 2134 2390 (Str.
2145 2296 2198 2392 7.)

177 2398 273 2467 iuter
289 2397 407 2481 viros,
433 2398 528 2466 iuter
550 2419 651 2467 senes
671 2419 799 2481 senex,
832 2397 993 2467 tribuens
1013 2394 1163 2485 siugulis
1213 2393 1263 2462 At
1295 2390 1333 2459 iu
1358 2390 1499 2463 Euxiuo
1533 2406 1631 2464 tenet
1660 2393 1817 2469 Achilles
1859 2399 2013 2471 insulam
2039 2398 2199 2479 Lentem

179 2499 449 2570 convenientem
463 2511 617 2591 partem.
667 2499 784 2569 Habet
806 2510 842 2567 et
864 2512 1030 2593 quartam
1051 2499 1162 2567 virtu-
1186 2542 1191 2599 ¹
1215 2489 1340 2565 Thetis
1355 2518 1440 2566 vero
1457 2508 1554 2567 tenet
1567 2493 1751 2583 Phthiam,
1764 2500 2023 2593 Neoptolemus
2041 2524 2127 2573 vero
2144 2524 2200 2571 ce-

178 2613 273 2685 tem,
300 2604 396 2696 quod
412 2601 613 2694 praeseutia
630 2613 725 2671 recte
739 2600 902 2695 curat⁷),
924 2615 960 2670 et
974 2623 1049 2669 uon
1065 2600 1163 2669 deest
1213 2594 1387 2666 lebratam
1403 2597 1575 2691 Epirum,
1602 2600 1662 2671 ubi
1684 2600 1721 2669 in
1743 2603 1825 2673 altis
1842 2604 1991 2678 collibus
2005 2616 2202 2699 pascuntur

176 2704 425 2795 praesentibus
438 2703 603 2795 negotiis.
655 2702 759 2774 Salve
775 2702 907 2788 amice,
933 2699 1002 2773 hoc
1018 2724 1162 2771 carmen
1214 2697 1342 2783 boves,
1381 2698 1632 2791 incipientibus
1660 2727 1680 2772 a
1708 2701 1862 2776 Dodona
1887 2710 2069 2801 usquead
2099 2729 2201 2779 mare

176 2805 244 2875 tibi
258 2806 374 2890 douo,
399 2806 504 2876 melle
520 2817 556 2876 et
570 2807 660 2875 lacte
683 2806 852 2876 mixtum:
879 2819 996 2875 etrus
1013 2803 1162 2875 circum·
1214 2796 1369 2873 lonium.
1438 2802 1507 2872 Sed
1543 2806 1588 2874 ad
1619 2804 1865 2897 Pelii-montis
1890 2809 2028 2891 radices
2056 2832 2201 2879 servum

177 2908 240 2976 dat
252 2907 406 2978 Aeolicis
422 2907 518 2979 tibiis
533 2921 682 3001 potum,
710 2906 791 2999 (Bp.
799 2905 854 3000 4.)
868 2907 933 2977 etsi
948 2930 1029 2978 sero
1046 2906 1163 2975 mitto.
1215 2898 1349 2972 lolcum
1373 2904 1523 2975 tradidit
1545 2903 1725 2980 Thessalis
1743 2907 1889 2993 Peleus,
1926 2907 2019 3004 (scr.
2034 2908 2088 3005 8.)
2113 2934 2204 2981 urus

177 3006 246 3078 Sed
260 3009 379 3103 aquila
395 3021 448 3080 est
462 3010 648 3078 celerrima
664 3008 759 3077 iuter
781 3008 962 3093 volucres,
988 3031 1081 3103 quae
1106 3030 1163 3077 ra·
1215 3005 1300 3075 dolo
1324 3003 1542 3100 Hippolytae
1557 3007 1608 3105 ⁸),
1632 3010 1794 3103 coniugis
1814 3011 1946 3084 Acasti.
1996 3010 2092 3084 Nam
2108 3010 2204 3081 Aca·

176 3109 231 3201 pit
256 3113 428 3201 praedam
448 3112 576 3202 procul
600 3132 794 3205 quaerens3
828 3111 964 3201 graculi
983 3135 1071 3180 vero
1093 3114 1164 3182 cla·
1215 3119 1289 3177 stus
1311 3102 1499 3179 machaera
1525 3108 1676 3182 Daedali
1703 3138 1770 3205 per
1796 3112 1942 3186 insidias
1974 3109 2204 3186 machinatus

176 3212 270 3282 mosi
302 3213 499 3305 depascunt
530 3208 693 3283 humilia.
758 3212 858 3283 Vidit
893 3214 977 3297 lux,
1020 3214 1164 3284 volente
1215 3221 1294 3279 erat
1306 3222 1461 3282 mortem
1476 3212 1605 3293 Peleo;
1637 3216 1699 3285 sed
1717 3211 1855 3287 Chiron
1877 3214 2015 3309 depulit
2036 3216 2070 3286 ei
2092 3217 2202 3287 latale

176 3311 282 3383 Musa
315 3312 415 3397 Clio,
452 3325 487 3383 te
514 3324 664 3404 propter
697 3313 884 3385 victoriam
913 3315 1090 3401 Nemeae,
1129 3327 1164 3385 ct
1214 3312 1363 3395 malum,
1385 3312 1524 3405 iguem,
1547 3328 1582 3387 et
1595 3315 1741 3389 leonum
1759 3342 1909 3409 ungues,
1934 3330 1969 3389 et
1982 3317 2097 3389 aciem
2114 3318 2203 3389 den-

175 3412 432 3505 Epidauriam,
458 3426 494 3485 et
509 3414 769 3507 Megareusem.
1215 3412 1305 3483 tium
1328 3409 1516 3501 cohibens,
1549 3416 1641 3511 (sn.
1657 3419 1712 3512 9.)
1736 3421 1838 3492 duxit
1859 3445 1969 3515 unam
1992 3420 2203 3495 Nereidum.

1214 3512 1315 3597 Vidit
1335 3528 1372 3585 et
1394 3521 1533 3605 sedem,
1558 3522 1686 3617 inqua
1710 3521 1773 3593 Dii
1801 3526 1973 3601 sederunt
1987 3522 2027 3593 iu
2046 3523 2202 3616 nuptiis,

569 3618 662 3703 Ode
692 3616 769 3703 IV.
1215 3630 1250 3688 et
1268 3619 1501 3721 ostenderunt
1516 3622 1549 3692 ei
1567 3626 1663 3695 dona
1681 3637 1718 3697 et
1731 3628 1929 3720 potentiam
1953 3625 2085 3719 singull
2101 3626 2200 3695 iuxta

233 3766 518 3839 mmmm
537 3768 720 3855 Aeqme
741 3770 861 3837 „mom-
876 3773 913 3838 ..n
927 3772 1111 3857 pamm·
1185 3680 1315 3815 insuam
1340 3734 1519 3798 naturam.
1585 3726 1690 3796 Ultra
1714 3727 2007 3817 Gadestraurire
2028 3730 2076 3800 ad
2097 3750 2202 3798 occa-

1212 3844 1313 3908 sum,
1341 3849 1415 3894 uon
1438 3839 1490 3897 est
1508 3828 1685 3920 possibile.
1735 3830 1860 3902 Reduc
1881 3831 2005 3901 navim
2020 3826 2201 3913 adEnro·

277 3913 368 4009 (Str.
388 3917 440 4011 1.)
464 3913 618 3986 Laetitia
638 3917 796 4009 optimus
812 3920 969 3990 medicus
995 3933 1048 3993 cst
1068 3922 1160 3994 liniti
1211 3947 1315 4016 pam;
1357 3951 1431 3997 uon
1453 3953 1597 4022 possum
1621 3930 1717 4002 euim
1738 3957 1862 4005 omues
1889 3934 2014 4005 laudes
2032 3932 2142 4004 Aeaci
2164 3944 2202 4002 et

174 4017 331 4101 laboris,
355 4028 391 4086 et
411 4015 597 4087 Musarum
621 4018 715 4089 tiliae
735 4018 838 4090 Odae
859 4022 1047 4093 adiunctae
1069 4027 1160 4096 mul-
1211 4039 1436 4117 posterorum
1462 4031 1538 4104 eius
1559 4034 1722 4119 recitare.
1773 4034 2057 4133 (Str.,10.)Ego
2077 4046 2200 4107 autern

176 4130 257 4188 cent
279 4142 371 4189 eam.
430 4117 504 4189 Nec
527 4141 621 4214 aqua
642 4119 755 4190 calida
781 4122 831 4192 sic
850 4123 940 4193 lenit
967 4126 1157 4215 defatigata
1209 4130 1318 4215 veui,
1344 4145 1385 4203 ut
1408 4134 1581 4204 celebrem
1602 4132 1916 4210 Theaudridarum
1936 4122 2135 4209 certamina
2160 4136 2200 4207 in

174 4221 358 4303 membra,
382 4233 423 4290 ut
444 4219 522 4293 laus
540 4246 701 4294 consona·
717 4218 886 4297 citharae.
937 4227 1064 4299 Sermo
1078 4229 1158 4302 diu·
1193 4218 1408 4325 LOlympiis‚
1441 4230 1595 4320 Isthmo,
1626 4224 1792 4329 Nemeic,
1828 4241 1890 4311 ubi
1913 4222 2203 4335 experimentum

175 4320 247 4391 tius
264 4324 371 4392 durat
392 4346 520 4414 opere,
546 4349 652 4418 quem
678 4326 908 4399 cum-Gratiis
930 4327 1051 4420 lingua
1073 4356 1157 4424 pro-
1208 4328 1401 4415 habentes,
1427 4335 1575 4406 domum
1600 4363 1674 4408 nou
1698 4340 1774 4411 sine
1793 4342 1898 4415 novis
1922 4338 2062 4414 coronis
2076 4340 2203 4411 redie-

174 4423 306 4493 lundae
336 4425 466 4495 mentis
494 4427 644 4517 profert.
716 4428 809 4519 (Str.
831 4430 887 4523 2.)
920 4429 998 4501 Hoc
1020 4457 1155 4526 ponere
1207 4445 1303 4503 runt.
1361 4434 1463 4506 Hanc
1483 4449 1580 4507 tuam
1613 4441 1768 4532 patriam
1799 4445 1962 4517 audimus
1990 4439 2200 4512 ministram

172 4520 263 4595 mihi
285 4526 390 4598 liceat
406 4524 679 4618 prooemiumh
704 4531 781 4627 runi
808 4527 904 4602 lovis
929 4546 963 4603 et
987 4534 1154 4622 Nemeac,
1207 4559 1280 4605 esse
1303 4538 1502 4610 carminum
1526 4539 1811 4641 triumphalium.
1863 4547 1927 4618 Sin
1951 4558 2069 4616 autem
2094 4543 2200 4616 iubes

172 4641 208 4699 et
227 4628 343 4699 luctae
365 4627 600 4703 Timasarchi.
645 4554 823 4724 ,Hacipin
841 4647 962 4707 autem
983 4639 1154 4709 Aeacida·
1205 4661 1263 4707 me
1281 4636 1416 4741 Callicli
1434 4644 1610 4715 avunculo
1635 4649 1727 4743 (Str.
1746 4649 1822 4745 11.)
1839 4651 2043 4721 columnam
2059 4634 2202 4738 ponere

169 4733 366 4803 rumsedes
388 4727 457 4802 hoc
473 4755 664 4804 commuue
679 4734 802 4805 lumen
814 4733 893 4808 iure
908 4734 1067 4829 hospitii.
1113 4742 1153 4813 si
1205 4741 1448 4814 candidiorem
1473 4746 1582 4818 Pario
1606 4749 1744 4842 lapide,
1788 4748 1857 4821 hoc
1884 4774 2030 4847 quoqne
2051 4748 2200 4819 faciam.

169 4846 271 4922 pater
290 4846 372 4904 tuus
389 4833 609 4906 Timocritus
626 4831 742 4906 adhuc
757 4837 910 4922 viveret,
937 4865 1041 4933 saepe
1056 4840 1153 4915 huuc
1204 4842 1255 4912 Ut
1268 4866 1396 4915 aurum·
1418 4861 1557 4919 coctum
1577 4854 1690 4945 magis
1703 4854 1834 4943 fulget,
1860 4850 1908 4923 ita
1933 4860 2080 4922 caruleu
2102 4850 2196 4943 regi-

168 4928 342 5025 bymuum
360 4949 515 5019 caneret,
532 4936 691 5007 intentus
708 4933 792 5008 huic
804 4943 972 5013 carmini:
1000 4958 1036 5015 et
1049 4969 1151 5015 caue·
1193 4947 1269 5017 -bus
1290 4964 1395 5039 pares
1415 4950 1512 5022 lacit.
1563 4954 1630 5025 Hic
1652 4956 1813 5027 Callicles
1834 4955 1927 5025 circa
1948 4950 2193 5025 Acherontem

156 5047 223 5117 ¹ret
248 5037 448 5107 mittentem
471 5049 653 5125 catenam,
669 5038 772 5133 (scr.
788 5040 842 5137 8.)
867 5042 1084 5125 'coronatum
1109 5073 1150 5117 ex
1203 5044 1388 5134 habitans,
1417 5052 1577 5125 inveniat
1608 5082 1725 5128 meam
1758 5058 1918 5150 liugnam
1950 5058 2193 5128 celebrantem

166 5139 847 5229 certamineCleouaeo,etabAthenis,
870 5146 1150 5240 etquia'l'hebis
1203 5151 1340 5243 ipsum,
1385 5156 1447 5247 qni
1489 5156 1610 5228 floruit
1651 5160 1742 5252 apiis
1783 5161 1820 5229 in
1862 5184 1978 5252 agone
2017 5157 2195 5253 Neptuni.

166 5236 499 5333 adAmphitryonis
520 5244 698 5371 tumulum
716 5246 886 5371 Cadmapi
900 5271 988 5371 3¹¹⁹
1004 5268 1079 5339 nou
1094 5252 1148 5321 in·
1201 5252 1292 5345 (Str.
1312 5255 1387 5347 12.)
1414 5254 1517 5329 Hunc
1533 5256 1724 5353 Euphanes
1739 5286 1827 5335 avus
1848 5276 1928 5336 tuus
1950 5276 2067 5335 rauet.
2119 5258 2199 5329 Alii

1198 5400 1405 5427 -u-naa'ua

197 5460 837 5539 7)curat1·tcttettct;st.tue.mrac
906 5450 924 5533 ,Ι
974 5466 977 5471 ’
1232 5488 1264 5552 8)
1283 5448 1465 5556 Hippolytae]
1482 5492 1523 5543 ric
1540 5494 1589 5545 nu.
1607 5492 1696 5557 lisola
1717 5496 1765 5547 teu.
1782 5498 1857 5549 ibid.
1894 5472 2072 5561 tltpnctrtu'.
