4762 6008
173 306 220 373 61
550 291 735 364 LXXVIII.
786 288 1074 362 EXPLICATlO
1107 285 1488 363 SENTENTIARUM
1519 283 1824 360 THEOGNlDlS.
2157 285 2208 359 62

174 469 367 547 sententias
383 468 521 560 aliquas
543 464 694 557 legebat.
753 462 920 535 Ostendit
942 474 977 543 et
998 462 1087 532 bene
1110 459 1163 529 lo·
1187 490 1191 593 Ι
1214 473 1289 530 tam
1303 473 1465 550 extreme¹
1481 461 1618 530 malum
1642 460 1704 531 sit:
1741 472 1776 529 et
1797 458 1895 529 nulla
1918 469 1970 527 est
1993 457 2095 547 peior
2120 482 2204 527 con-

175 573 361 670 quentinm
378 570 617 652 consuetudo,
644 566 768 637 ornari
782 566 983 636 orationem
1010 575 1093 656 apte
1110 563 1164 630 in·
1187 624 1190 631 ,
1213 563 1353 634 stitutio
1368 563 1408 632 in
1423 563 1544 651 coelo,
1577 585 1669 656 quae
1692 556 1824 632 habeat
1840 561 1960 653 plores
1977 558 2202 631 confusiones

175 677 278 747 sertis
292 671 491 754 sententiis,
517 672 601 763 quia
616 682 701 741 sunt
718 681 1013 761 argumentorum
1034 667 1164 750 sontes,
1215 688 1324 760 qnam
1339 662 1445 737 huius
1459 664 1632 757 temporis
1655 664 1828 756 trigonus.
1877 661 2015 733 Videtis
2039 685 2112 733 esse
2133 662 2203 731 tale

176 802 256 849 cum
277 775 418 867 negotia
442 774 654 868 plerumque
677 772 839 843 doctrina
869 771 1043 841 virtutum
1069 768 1163 838 iudi·
1213 770 1375 861 tempus,
1399 791 1475 838 non
1491 781 1575 841 sunt
1597 767 1668 837 iam
1690 768 1803 850 bella,
1834 764 1899 838 ubi
1918 763 2128 837 fortitudine
2148 764 2202 834 di·

176 882 288 949 canda
304 891 339 947 et
353 877 561 947 illustranda
580 875 663 946 sint.
906 898 910 905 ·
1214 872 1383 954 minetur,
1409 875 1470 942 sed
1487 872 1663 940 mavortia
1680 883 1715 941 et
1729 868 1891 953 lunaria,
1914 868 1978 941 ubi
1992 879 2131 941 tantum
2147 882 2204 940 tu·

278 980 432 1073 Quando
450 990 532 1049 sunt
555 990 689 1047 aetates
712 973 851 1043 deditae
875 973 939 1043 uni
960 972 1068 1042 alicui
1091 984 1163 1044 stu·
1213 974 1554 1057 muneremur,
1580 986 1615 1043 et
1638 972 1713 1044 sine
1738 972 1872 1043 viribus
1894 986 2026 1045 tamen.
2076 971 2203 1042 Homi-

176 1083 257 1167 dio,
296 1081 453 1154 eiusdem
484 1080 624 1171 generis
654 1077 783 1167 scripta
815 1076 927 1145 multa
956 1086 1164 1147 nascuntur.
1213 1100 1276 1147 nes
1291 1090 1374 1148 sunt
1393 1077 1502 1167 proni
1520 1079 1568 1146 ad
1592 1077 1881 1147 tumultuandum
1909 1089 1945 1146 et
1967 1087 2048 1167 post
2069 1075 2199 1145 factam

176 1182 286 1257 Vetus
326 1198 425 1254 aetas
456 1182 647 1251 Homerica
682 1175 807 1249 hahuit
839 1192 961 1271 poetas
993 1173 1163 1261 ethnicos,
1213 1179 1453 1249 turbationem
1470 1192 1593 1270 postea
1608 1179 1794 1261 desinunt,
1820 1189 2048 1249 revertuntur
2070 1178 2200 1249 iterum

176 1287 393 1380 scripserunt
407 1309 479 1356 uno
494 1307 623 1375 genere
637 1282 833 1352 carminum
851 1277 1008 1352 heroico.
1033 1280 1162 1351 Postea
1214 1286 1259 1350 ad
1274 1307 1355 1353 suas
1372 1282 1656 1372 compotationes
1674 1295 1709 1351 et
1721 1281 1850 1351 deinde
1866 1282 1911 1351 ad
1928 1305 2112 1352 somnum:
2140 1279 2201 1345 Vi-

177 1391 269 1460 circa
295 1402 458 1479 tempora
480 1384 621 1456 Solonis
642 1386 788 1455 fuerunt
809 1384 985 1466 morales,
1018 1395 1052 1452 ct
1078 1382 1163 1452 scri·
1185 1318 1189 1465 l
1212 1408 1332 1479 noque
1348 1386 1464 1454 iacent
1477 1407 1676 1478 somnoque
1695 1383 1876 1477 sepulti⁸).
1926 1383 2033 1454 Nulla
2048 1382 2202 1475 amplius

174 1502 325 1585 pserunt
341 1487 531 1560 sententias
545 1489 718 1567 morales,
745 1499 783 1556 ut
796 1482 1008 1578 Pbocylides
1025 1479 1162 1554 ct'l'ba-
1212 1501 1323 1559 restat
1336 1487 1511 1578 gravitas,
1535 1487 1634 1557 nulla
1652 1485 1846 1579 sapientia,
1874 1488 1935 1556 sed
1958 1483 2079 1554 omnia
2097 1484 2200 1554 luna·

173 1597 224 1664 les
248 1592 427 1673 Milesius,
460 1612 678 1683 quamquam
701 1583 888 1657 Thaletem
913 1589 1036 1658 dicunt
1055 1586 1162 1659 baisse
1206 1590 1266 1658 ria
1284 1602 1320 1659 et
1335 1583 1575 1681 phantastica,
1602 1588 1671 1660 nisi
1693 1589 1791 1683 quod
1803 1586 1900 1659 Deus
1920 1600 2040 1657 servat
2062 1585 2201 1677 aliquos

174 1693 350 1786 hospitem
369 1693 437 1775 ibi,
463 1715 538 1760 non
551 1705 676 1762 natum
691 1689 823 1772 Mileti,
849 1694 910 1760 sed
924 1690 1031 1761 brisse
1045 1683 1162 1758 Phoe-
1213 1692 1250 1760 in
1265 1690 1442 1774 Ecclesia,
1468 1716 1512 1761 ne
1525 1693 1632 1783 plane
1647 1692 1874 1782 extinguatur
1889 1687 2031 1759 veritas.
2069 1686 2199 1758 Postea

172 1797 308 1877 uicem,
336 1796 433 1888 quod
454 1806 507 1864 cst
529 1790 618 1862 mibi
633 1794 738 1863 valde
762 1792 940 1864 credibile.
991 1790 1046 1861 Er
1060 1790 1161 1883 Tyro
1212 1796 1365 1863 multum
1386 1808 1439 1865 est
1463 1795 1711 1865 confusionum
1739 1795 1777 1863 in
1800 1792 2027 1871 libidinibus,
2063 1790 2101 1858 in
2127 1783 2200 1856 hel-

174 1914 209 1968 et
224 1898 385 1990 Aegypto
402 1896 520 1966 attulit
534 1895 718 1966 scientiam
733 1897 778 1964 ad
797 1894 1077 1991 astronomiam„
1102 1916 1161 1961 cu·
1213 1895 1430 1967 luationibus
1445 1909 1480 1966 et
1493 1896 1844 1986 ingurgitationibus.
2159 1909 2164 1915 ’

174 2002 230 2073 ius
251 1998 374 2070 dieunt
396 1998 552 2091 primum
574 2010 850 2091 propagatorem
873 1996 991 2068 luisse.
1050 1994 1161 2066 Solon
1313 1996 1448 2069 Dicunt
1461 1994 1683 2091 Theognidis
1700 2010 1735 2068 ct
1749 1996 1954 2090 Phocylidis
1969 1993 2101 2085 scripta
2124 2016 2199 2061 non

174 2105 308 2174 deeius
331 2101 481 2172 consilio
504 2100 686 2171 ordinavit
707 2123 845 2171 menses
867 2111 903 2170 et
924 2121 1038 2169 annos
1051 2091 1160 2168 Athe·
1212 2125 1286 2170 esse
1299 2091 1481 2191 ipsorum,
1512 2104 1573 2173 sed
1589 2128 1662 2173 esse
1679 2100 1825 2194 antiqua
1844 2096 2024 2178 carmina,
2056 2105 2195 2163 tantum

173 2207 249 2289 nis,
282 2217 317 2274 et
338 2198 520 2294 Theognis
540 2205 608 2274 tuit
630 2204 669 2271 in
691 2201 830 2284 Sicilia,
868 2201 978 2272 Solon
997 2195 1160 2282 Athenis,
1212 2204 1358 2273 collecta
1373 2206 1418 2273 ab
1433 2203 1539 2298 ipsis,
1565 2207 1662 2299 quod
1679 2218 1730 2275 est
1745 2199 1834 2272 mihi
1849 2202 1952 2273 valde
1969 2195 2148 2268 credibile.

175 2320 210 2376 et
224 2301 436 2399 l'hocylides
450 2305 579 2375 Mileti.
628 2304 853 2396 scripserunt
875 2304 1033 2373 eiusdem
1057 2324 1160 2391 argu-
1311 2304 1446 2378 Omnes
1460 2306 1608 2378 virtutes
1623 2308 1753 2378 debent
1767 2305 1892 2375 referri
1908 2304 1954 2372 ad
1968 2299 2200 2388 Decalogum,

171 2409 287 2479 menti
311 2407 515 2478 sententias.
573 2404 662 2472 Post
690 2401 757 2475 hos
787 2417 871 2472 sunt
902 2403 1012 2471 secuti
1046 2402 1160 2492 lyrici,
1211 2418 1247 2474 et
1270 2408 1360 2478 sicut
1382 2421 1603 2481 monstratur
1624 2410 1726 2480 vobis
1747 2412 1789 2479 de
1813 2404 1997 2479 sententiis
2019 2403 2057 2470 in
2080 2397 2199 2469 Theo-

173 2524 272 2581 aetas
291 2508 426 2599 lyrica,
458 2518 500 2571 ut
515 2502 714 2584 Pindarus,
736 2497 988 2592 Bacchylides,
1014 2497 1162 2570 Alcaeus
1212 2506 1335 2594 gnide:
1360 2511 1410 2578 sic
1425 2512 1673 2602 imaginamini
1690 2513 1790 2582 vobis
1807 2513 1850 2580 dc
1867 2507 1990 2579 officiis
2004 2503 2199 2583 Ciceronis,

172 2606 332 2680 etmulti
347 2605 418 2675 alii.
460 2605 588 2674 Postea
603 2614 686 2673 sunt
702 2601 843 2696 sequuti
859 2600 1088 2671 circulatores
1103 2599 1162 2670 isti
1212 2608 1257 2674 de
1270 2602 1395 2677 Ethioa
1411 2608 1610 2685 Aristotelis
1628 2627 1663 2683 et
1678 2616 1722 2683 de
1735 2609 1993 2685 honestissimis
2016 2605 2199 2677 sententiis

173 2734 256 2782 cum
280 2705 473 2777 comoediis
496 2717 532 2773 et
556 2703 760 2795 tragoediis.
824 2699 888 2771 llla
916 2714 1012 2772 aetas
1035 2698 1161 2771 habuit
1212 2709 1249 2774 in
1272 2708 1405 2799 legibus
1428 2713 1588 2802 publicis.
1653 2715 1787 2785 Totum
1810 2715 1950 2804 Corpus
1973 2710 2060 2783 iuris
2085 2706 2197 2777 civilis

171 2812 286 2883 mulla
300 2807 520 2900 spetlflfflh,
546 2805 638 2876 sicut
651 2828 747 2875 nunc
767 2816 892 2874 nostra
917 2816 1015 2874 aetas
1038 2803 1161 2875 scribit
1212 2812 1339 2879 ordine
1363 2813 1538 2903 praecipit
1561 2815 1603 2883 de
1627 2819 1800 2884 secundae
1824 2816 1965 2885 tabulae
1987 2808 2198 2903 praeceptis,

172 2912 366 2983 maledicos
386 2910 509 2979 libros.
572 2905 731 3000 Videtis,
768 2929 877 2999 quam
910 2906 956 2977 sit
984 2907 1158 2977 foecunda
1209 2915 1387 3002 paneade
1412 2914 1528 3005 prima
1553 2916 1692 2984 iabulffi
1727 2928 1769 2984 ui
1788 2918 1832 2983 de
1853 2927 1980 3009 quarm
1994 2925 2199 3003 praecepto,

172 3015 263 3086 haec
287 3025 394 3084 aetas.
452 3010 594 3081 Solonis
618 3020 715 3080 aetas
737 3007 879 3078 videtur
898 3006 1041 3080 lovialis
1064 3020 1160 3078 aetas
1210 3038 1303 3107 quae
1324 3015 1439 3085 officia
1455 3029 1626 3107 parentes
1650 3017 1802 3087 debeant
1825 3017 1937 3096 notis,
1977 3027 2112 3083 tutores
2135 3037 2199 3101 pn-

172 3117 300 3200 tuisse,
331 3116 476 3186 luerunt
494 3108 663 3205 rostanni,
696 3112 889 3181 admodum
909 3109 1061 3180 libenter
1082 3134 1160 3181 sen·
1208 3116 1306 3207 pillis
1321 3129 1356 3186 et
1370 3130 1527 3190 econtra.
1577 3116 1620 3186 ln
1636 3119 1762 3212 quinto
1778 3130 1966 3210 praecepto
1982 3112 2026 3187 de
2042 3119 2147 3184 caede
2164 3129 2199 3183 et

174 3219 303 3291 tallias
317 3216 470 3286 monle&
483 3212 711 3306 scripserunt.
761 3209 849 3283 item
871 3224 1161 3284 restauraverunt
1212 3218 1336 3309 poenis
1366 3215 1641 3291 homicidamm,
1704 3219 1746 3289 ln
1771 3233 1870 3292 sexto
1892 3222 1935 3289 de
1967 3218 2133 3305 coniugio
2166 3230 2200 3283 et

173 3318 410 3412 respublicas,
443 3316 619 3388 civitates:
650 3314 716 3385 suit
741 3328 838 3387 aetas
860 3314 1091 3386 instauratrix
1105 3311 1160 3382 lo·
1212 3321 1337 3411 poenis
1351 3322 1557 3393 libidinum,
1607 3320 1649 3394 1„
1670 3337 1818 3406 octavo,
1848 3323 1906 3392 lex
1922 3318 2090 3390 cornelia
2113 3344 2196 3388 con·

175 3422 289 3494 vialis·
339 3418 470 3492 Esdtas
488 3412 728 3490 &Nehemias
742 3419 1007 3489 fueruntetiam
1023 3415 1159 3509 legiferi
1210 3423 1326 3493 stituit
1355 3448 1513 3517 poenam
1545 3423 1584 3495 in
1617 3425 1868 3507 adversarios,
1903 3421 2023 3513 *punit
2061 3422 2196 3490 crimen

174 3525 364 3616 scriptores
379 3521 648 3595 sententiarum.
1210 3523 1348 3621 falsi0),
1374 3541 1410 3596 et
1424 3529 1537 3598 multa
1553 3528 1622 3598 alia
1635 3528 1835 3597 mendacia.
1886 3524 2053 3614 Singulae
2078 3536 2196 3613 partes

274 3626 398 3720 Aliqui
415 3626 463 3695 ita
478 3626 696 3716 respondent
710 3625 755 3692 sd
771 3636 1032 3715 argumentum.
1071 3616 1158 3690 Ilth
1210 3629 1249 3695 in
1262 3641 1339 3698 toto
1348 3628 1510 3721 Corpore
1520 3629 1609 3700 ioris
1623 3631 1803 3719 pertinent
1816 3628 1862 3696 ad
1874 3625 1993 3718 aliqua
2009 3636 2196 3715 praecepta

172 3728 253 3797 nica
281 3728 408 3820 religio
437 3723 545 3798 habet
571 3721 839 3801 honestissimos
863 3725 1073 3805 sententias,
1104 3744 1159 3789 re-
1210 3728 1390 3818 Decalogi.
1421 3730 1474 3799 lta
1488 3730 1584 3800 scitis
1599 3754 1672 3799 esse
1685 3729 1897 3821 sapientiam
1910 3725 1991 3797 Dei.

170 3834 370 3921 spondent,
397 3832 463 3902 ’8Εᾶ
479 3841 641 3920 acceptas
657 3850 677 3895 ὃ
693 3829 809 3900 nobis.
866 3825 913 3897 El
933 3850 1007 3895 non
1030 3822 1158 3891 (lister-
1311 3828 1388 3898 Pax
1401 3855 1477 3901 non
1487 3842 1630 3900 tantum
1645 3843 1697 3900 est
1710 3832 1805 3899 bona
1828 3840 1976 3919 propter
1997 3824 2196 3917 tranquilli.

169 3927 459 4018 nnatbegemet
473 3928 728 4018 Evangelium,
754 3940 791 3998 et
806 3928 959 4017 primam
979 3938 1015 3991 et
1037 3944 1158 3991 secun-
1210 3939 1338 4013 utem,
1366 3933 1464 4025 quod
1477 3929 1640 4002 homines
1657 3943 1808 4023 possunt
1829 3929 1949 3997 vivere
1971 3929 2008 3995 in
2031 3927 2194 4019 volupta-

173 4036 257 4103 ddm
273 4028 444 4100 tabulam.
479 4024 544 4096 Edi
557 4026 664 4117 igliur
679 4027 827 4095 Obscura
844 4036 879 4094 el
893 4048 996 4094 coeth
1013 4045 1157 4114 respon·
1210 4031 1321 4116 tibus,
1347 4035 1409 4102 sed
1423 4034 1529 4103 etiam
1548 4035 1645 4126 qiiod
1658 4033 1767 4106 gemel
1783 4031 1891 4101 motis
1904 4029 2063 4121 imperiis
2084 4042 2119 4097 et
2138 4052 2194 4097 pe.

172 4134 238 4206 sio·
284 4129 419 4225 ‚Postea
437 4128 650 4198 confirmflnt
672 4125 896 4219 tssfiqtfilale·
953 4125 1072 4196 Moses
1093 4125 1156 4194 full
1208 4135 1444 4227 buspublicis,
1470 4147 1593 4228 postes
1610 4137 1700 4206 bunt
1720 4134 1936 4205 vastationes
1958 4146 1993 4202 et
2015 4131 2192 4202 conlusio-

171 4235 288 4305 mnlto
303 4228 487 4325 antiquior
503 4250 610 4323 quam
627 4227 822 4306 H⁰meru³3
848 4249 972 4296 verum
989 4239 1061 4310 etl,
1085 4225 1158 4295 ΠΨ
1209 4261 1271 4309 nes
1295 4239 1531 4330 plurimarum
1554 4260 1694 4322 rerum,
1732 4238 1772 4306 bt
1796 4235 2017 4326 perturbatio
2040 4232 2193 4323 discipli·

173 4358 292 4408 merus
305 4333 375 4406 lull
389 4344 599 4403 coaetaneus
612 4328 760 4410 Esaiae,¹
790 4351 865 4398 1¹⁰³
880 4330 1033 4400 multum
1050 4327 1156 4399 deest·
1208 4364 1295 4423 nae,
1320 4342 1511 4432 negligitur
1524 4339 1676 4424 iustitia,
1702 4336 1864 4408 homines
1879 4338 2033 4409 induunt
2047 4336 2191 4409 affectus

167 4438 257 4512 full
270 4439 411 4531 Sapiens
428 4445 463 4505 ei
473 4432 658 4525 ingeniosa
675 4442 792 4515 deltis,
816 4431 1043 4523 dlffllposlea
1062 4443 1158 4500 delas
1207 4445 1383 4528 ferarum,
1422 4445 1513 4513 fiunt
1535 4443 1751 4514 vagtgfioneg
1783 4439 1961 4532 gentium,
2000 4435 2191 4527 religiones

170 4541 348 4613 bellatrix.
398 4533 553 4608 Achilles
574 4534 642 4605 fuit
664 4546 876 4605 coaetaneus
889 4531 1043 4620 Davidi,
1068 4530 1157 4602 ller-
1208 4542 1473 4629 dignabuntur,
1495 4545 1714 4617 inducuntur
1728 4545 1811 4626 odii
1823 4542 2019 4634 inlongam
2041 4538 2190 4629 posteri.

175 4645 268 4716 cules
290 4640 458 4714 Simsoni.
514 4635 557 4707 ln
578 4637 639 4705 illa
665 4636 756 4706 serie
780 4635 874 4706 lucet
894 4636 1155 4708 mirabilissima
1209 4663 1338 4733 tatem,
1363 4672 1405 4717 ex
1420 4672 1493 4717 uno
1512 4648 1637 4719 muita,
1687 4643 1922 4739 Lucanus¹⁰):

177 4746 347 4836 sapientia
369 4742 457 4828 Dei,
497 4764 588 4834 quae
619 4736 829 4810 mirabiliter
850 4738 1031 4809 ordinavit
1053 4762 1156 4808 mnn-
1357 4765 1423 4817 ,uu
1439 4765 1539 4819 „ms
1554 4763 1647 4817 ufsni.
1664 4764 1781 4815 mlum
1797 4763 1919 4814 affluas

177 4848 285 4928 dum,
308 4860 341 4916 et
356 4868 477 4917 cursus
491 4843 657 4913 coelestes
672 4838 883 4910 mirabiliter
904 4852 1156 4932 congruerunt
1307 4852 1462 4947 Quando
1491 4853 1607 4922 civilia
1640 4852 1732 4921 bella
1764 4849 1980 4926 excitantur,
2016 4841 2189 4932 ingruunt

175 4947 350 5019 Homines
377 4945 526 5018 studiosi
557 4945 623 5016 ista
656 4943 786 5014 debent
819 4941 988 5013 iudicare.
1045 4942 1156 5012 Valde
1206 4978 1357 5048 magnae
1370 4955 1597 5040 vastationes,
1621 4952 1684 5036 ita,
1704 4967 1744 5024 ut
1757 4976 1801 5021 ne
1818 4952 1925 5037 longo
1934 4944 2085 5038 -quidem
2102 4956 2190 5016 tem.

173 5049 289 5121 multa
321 5062 467 5140 possunt
495 5046 646 5118 iudicari
666 5069 708 5116 ex
731 5059 934 5136 temporum
956 5043 1156 5114 collatione.

172 5151 245 5226 lota
262 5163 443 5246 postrema
459 5162 555 5220 aetas
569 5148 705 5239 regitur
719 5170 738 5216 a
754 5147 896 5239 trigono
910 5142 1045 5217 Lunae.
1094 5144 1158 5216 Est
1239 5175 1273 5231 s)
1291 5172 1370 5237 virg.
1386 5172 1456 5223 son.
1466 5169 1516 5232 tx,
1535 5168 1595 5219 ¹0⁹.

172 5254 283 5326 miser
298 5268 334 5326 et
347 5264 546 5325 contemtus
562 5250 735 5341 trigonus.
785 5246 883 5320 lstud
897 5261 1035 5340 tempus
1051 5242 1158 5317 habet
1239 5255 1271 5322 s)
1289 5258 1330 5338 ns
1347 5257 1398 5305 rso
1414 5257 1475 5316 nge
1491 5249 1621 5302 corneus
1637 5249 1672 5300 aa
1688 5248 1793 5313 sasso,
1811 5258 1880 5309 quse
1897 5247 1979 5299 sum
1995 5247 2186 5327 testamur-

1273 5337 1323 5376 m
1341 5328 1470 5385 rossem,
1498 5319 1569 5369 cont.
1587 5316 1676 5370 tnsttt.
1693 5316 1742 5381 lv,
1762 5317 1804 5379 18,
1821 5315 1846 5368 7.
1869 5321 1897 5367 st
1919 5317 2016 5368 0retnt
2037 5319 2065 5363 st
2083 5311 2185 5363 nrttert

173 5357 399 5430 confusiones
431 5378 475 5425 ex
508 5351 760 5423 commistione
789 5350 935 5433 Martis,
974 5348 1097 5420 Lunae
1124 5362 1158 5418 et
1275 5391 1416 5443 onomast.
1434 5387 1551 5439 ruutsn.
1575 5385 1604 5436 p,
1618 5385 1661 5435 1„¹
1680 5399 1705 5448 g·
1719 5382 1778 5436 ιω,

169 5459 342 5547 Veneris,
366 5471 403 5531 et
419 5453 553 5552 Iupiter
577 5454 834 5552 aliquomodo
862 5452 1089 5538 intercurrit,
1114 5475 1160 5519 ne
1244 5475 1289 5542 ιο)
1307 5474 1410 5527 nocam
1427 5471 1582 5525 eruunt
1607 5468 1651 5521 ss,
