4762 6008
108 311 183 387 509
564 304 653 379 XCl.
703 304 986 381 manuario
1019 303 1491 381 METAMORPHOSEON
1523 305 1685 382 OVlDll.
2057 312 2136 389 51⁰

108 486 219 553 facete
234 503 314 549 cum
335 478 549 570 Gigantibus
563 479 671 547 etiam
688 475 1091 570 conferunturphiloso-
1144 477 1201 547 cui
1228 477 1436 548 attribuitur
1464 502 1603 552 summa
1627 492 1785 572 P⁰²²⁸l³⁸
1808 482 1970 553 ⁰¹⁰¹¹l¹¹¹¹¹
1997 509 2132 575 femma

105 582 188 677 phi,
215 583 277 677 qui
294 582 447 673 ingeniis
461 582 533 652 suis
547 580 700 663 nimium
718 582 922 667 confidunt,
952 582 1091 675 sibique
1144 575 1291 649 adhibet
1302 602 1450 670 superos
1466 582 1504 650 in
1520 582 1728 664 consilium,
1754 585 1894 676 quoties
1917 586 1950 656 ei
1973 600 2133 662 statuen-

107 709 249 755 omnem
265 682 461 775 sapientiae
479 683 621 755 laudem
643 695 834 774 arrogant:
869 685 906 750 in
930 706 972 750 eo
998 683 1091 752 libro
1144 685 1230 751 dnm
1252 695 1306 753 est
1328 682 1465 775 aliquid
1488 684 1647 773 gravius:
1691 698 1827 777 quanto
1858 687 1971 778 magis
1992 690 2031 760 id
2052 692 2134 763 lieri

104 784 263 859 Phaedri
285 786 392 854 verba
415 797 498 855 sunt
520 781 627 855 hacc:
667 785 780 880 Atqui
811 782 902 854 milri
925 785 1093 855 videntur
1144 784 1308 853 debetab
1324 778 1549 868 hominibus,
1575 811 1656 857 cunr
1680 780 1841 857 bumana
1862 790 2059 881 sapientia,
2085 796 2132 864 ad

107 902 245 959 veteres
271 888 322 956 illi
345 885 439 957 baud
464 888 606 979 illepide
633 888 676 955 de
694 884 906 977 Gigantibus
930 886 1092 970 fabulati,
1143 886 1304 955 divinam
1330 885 1479 971 collata,
1511 887 1558 958 sit
1580 889 1689 961 nulla.
1749 887 1842 959 Hinc
1867 914 1952 982 ergo
1979 895 2132 979 discent,

107 1015 180 1087 quo
209 986 340 1060 horum
371 989 598 1060 insolentiam
629 990 939 1082 temeritatemque
967 1012 1093 1080 argue·
1144 988 1348 1081 quicunque
1364 988 1404 1057 in
1426 1012 1568 1060 summo
1592 1003 1675 1060 sunt
1697 991 1929 1082 magistratu,
1969 1019 2015 1065 ne
2042 998 2131 1091 quid

106 1106 209 1173 rent,
242 1094 338 1186 quod
362 1116 401 1161 ea
425 1116 465 1162 re
487 1093 626 1162 firmius
647 1092 826 1174 adducor,
861 1104 901 1160 ut
928 1093 1091 1161 credam:
1145 1102 1254 1179 agant
1268 1091 1344 1160 sine
1360 1090 1528 1172 consilio,
1554 1096 1616 1160 sed
1639 1104 1680 1160 ut
1703 1107 1902 1165 convocent
1926 1099 2131 1184 concilium,

108 1198 205 1290 quod
229 1195 279 1263 illi
304 1195 486 1264 montibus
508 1195 621 1264 tribus
641 1206 814 1287 tanquam
832 1194 1019 1284 gradibus,
1044 1192 1094 1264 sic
1144 1193 1294 1261 audiant
1307 1193 1502 1263 multorum
1517 1195 1729 1277 sententias,
1762 1196 1892 1285 placita
1916 1210 2131 1292 temperent,

107 1292 312 1389 philosophi
330 1296 453 1378 trinis,
478 1308 582 1365 antea
607 1320 626 1363 a
651 1296 757 1366 nobis
781 1297 989 1366 memoratis
1014 1291 1093 1385 phi·
1145 1305 1179 1362 et
1196 1294 1371 1384 cogitent,
1395 1294 1458 1365 ubi
1473 1297 1594 1386 magni
1610 1298 1784 1366 momenti
1799 1298 1981 1391 negotium
2000 1304 2131 1394 agitur,

106 1393 291 1490 losophiae
319 1398 481 1491 partibus
509 1398 547 1467 in
579 1398 748 1469 altissima
782 1397 860 1467 loca
895 1398 1095 1467 moliuntur
1145 1419 1190 1465 ne
1205 1393 1283 1465 lovi
1300 1400 1445 1491 quidem
1469 1422 1572 1468 suum
1598 1398 1684 1469 salis
1705 1423 1778 1469 28⁸²
1800 1402 2000 1475 consillum·
2059 1406 2132 1475 De·

109 1525 290 1573 ascensum
303 1526 311 1568 ἶ

210 1615 267 1665 'ter
283 1616 348 1666 sunt
364 1613 458 1666 cenati
474 1612 616 1677 inponere
633 1613 711 1665 Pelio
730 1614 835 1701 orsam¹

210 1700 342 1765 scillcet,
363 1702 447 1762 strue
466 1701 557 1752 ossae
572 1699 733 1750 trondosurn
749 1698 896 1751 involvere
913 1700 1077 1764 olympum:

210 1787 265 1837 τοι·
281 1787 362 1847 pater
380 1786 538 1837 exstructos
556 1785 665 1836 disiecit
680 1785 794 1838 niune
810 1788 929 1839 nentes.

107 1871 256 1963 Scripsit
270 1872 410 1955 divine,
436 1885 477 1943 ut
498 1873 640 1954 omnia,
667 1885 772 1963 poeta
794 1874 956 1942 omnium
982 1871 1094 1940 maxi-

107 1972 263 2069 mus¹⁸);
302 1998 369 2043 nec
398 1987 473 2043 tam
502 1976 561 2044 ille
593 1987 634 2043 ut
654 1975 871 2064 Gigantum,
906 1974 969 2068 qui
998 1986 1093 2043 certe

108 2076 197 2145 nulli
211 2078 248 2146 id
264 2089 431 2168 egerunt,
454 2100 562 2169 quam
579 2089 620 2146 ut
635 2072 824 2146 hominnm
843 2078 918 2148 suis
940 2075 1093 2166 ingeniis

107 2178 259 2249 nimium
308 2179 562 2250 confidentium
613 2180 855 2270 arrogantiam
903 2179 1093 2261 refelleret,

109 2304 328 2374 quamquam
346 2305 421 2349 non
435 2281 570 2369 ingenii
587 2294 659 2363 cst,
684 2283 746 2352 sed
764 2281 979 2363 dementiae,
999 2304 1092 2371 quae

108 2383 208 2453 nullo
225 2382 499 2471 intelligipacto
523 2392 679 2474 queunt,
712 2382 811 2449 inea
836 2379 960 2450 nihilo
974 2383 1094 2452 minus

108 2483 238 2554 ruentis
252 2482 364 2551 aciem
381 2482 427 2549 ad
445 2482 714 2570 intelligendum
732 2481 931 2551 intendere.
992 2484 997 2492 ’

304 2644 487 2737 Iupiter
513 2673 591 2718 cnr
615 2648 900 2721 fulminator.

160 2781 238 2852 Vss.
259 2778 333 2852 154
349 2807 403 2874 sq.
441 2788 526 2854 ilem
546 2796 646 2872 pater
669 2791 877 2875 ommipotens
901 2791 1096 2875 missopsr·

367 2880 473 2975 sregii
492 2890 666 2977 Olympum

276 2988 442 3057 fulmine.

191 3102 382 3196 Plinius¹⁰)
396 3106 530 3187 scribit,
546 3100 638 3173 lianc
653 3107 699 3173 ob
713 3128 855 3175 causam
868 3103 945 3174 lovi
958 3104 1095 3175 fulmen

110 3206 302 3297 assignari,
328 3211 427 3300 quod
450 3208 545 3276 inter
559 3208 754 3278 Saturnum
779 3221 814 3277 et
832 3209 985 3278 Martem
1000 3206 1096 3301 lupi·

111 3321 164 3378 ter
196 3308 243 3378 sit
270 3311 427 3391 medius,
469 3312 639 3404 quodque
668 3311 870 3381 contrariae
905 3311 1094 3406 qualitates

110 3411 264 3480 maxime
279 3414 317 3481 in
330 3409 413 3483 love
428 3425 573 3496 coeant,
600 3406 644 3482 er
658 3415 842 3505 superiore
856 3414 1020 3484 videlicet
1032 3414 1096 3484 Sa·

80 3548 86 3555 ·
111 3514 209 3583 turni
224 3516 356 3585 circulo
373 3514 526 3609 qualitas
549 3515 653 3584 nimii
675 3518 839 3609 frigoris,
868 3530 902 3587 et
918 3542 961 3587 ex
977 3515 1096 3586 Marte

111 3616 264 3708 qualitas
293 3618 396 3686 nimii
420 3618 567 3697 caloris:
611 3615 740 3688 harum
764 3621 930 3690 conflictu
959 3619 1095 3688 fulmen

46 3738 50 3747 ·
112 3740 192 3787 cum
217 3719 354 3787 tonitru
369 3721 483 3787 emitti
501 3720 611 3787 veluti
628 3745 669 3788 ex
686 3720 858 3810 flagrante
872 3721 970 3809 liguo
987 3721 1095 3787 carbo

111 3817 208 3886 exilit
227 3840 307 3885 cum
334 3820 470 3909 crepitu
496 3832 646 3909 propter
667 3822 861 3891 earundem
883 3821 1095 3915 qualitatum

111 3940 282 4008 pugnam.

354 4106 616 4177 Concilium
644 4108 853 4179 Deorum.

160 4240 398 4339 Vss0166sq.
425 4248 581 4336 Ingentes
597 4250 712 4317 naimo
731 4256 767 4318 et
786 4249 997 4336 dignacione
1016 4270 1097 4317 cou-

489 4353 573 4438 cipit
592 4352 668 4419 ires

315 4452 569 4544 Consiliumque
585 4462 689 4521 meet.

210 4565 371 4636 Deorum
387 4569 537 4638 concilia
556 4571 652 4661 apud
668 4579 792 4660 poetas
805 4569 936 4639 docent
949 4591 1006 4639 res
1026 4563 1096 4638 hu·

108 4692 234 4739 manas
256 4693 331 4738 non
357 4670 445 4739 lerri
470 4688 572 4755 casu,
605 4674 666 4741 sed
690 4672 882 4765 gubernari
904 4684 1002 4741 certo
1024 4670 1096 4740 Dei

109 4771 269 4843 consilio.
334 4769 460 4843 Itidem
486 4776 683 4844 admonent
703 4771 795 4843 nihil
816 4786 969 4856 temere,
1000 4770 1095 4843 nihil

107 4872 309 4946 inconsulto
326 4880 502 4969 agendum
518 4877 556 4946 iu
572 4877 773 4970 republica:
798 4900 883 4946 nam
898 4875 929 4947 si
944 4872 1096 4969 Iupiter,

177 5125 366 5187 philosophiae
384 5127 448 5177 libri
465 5124 525 5178 ll.''
548 5128 650 5189 prodiit
667 5128 755 5193 bugd.
775 5127 849 5178 ¹588.
866 5129 893 5179 4.
918 5124 953 5176 ib.
972 5126 1048 5177 1543.
1065 5128 1093 5183 8.

175 5200 228 5243 etc.
277 5195 347 5244 Vide
367 5195 504 5259 Bongiue:
540 5198 645 5247 tiendo.
672 5199 722 5247 der
745 5198 854 5261 allgem.
872 5195 1092 5260 utturugeeea.

176 5263 205 5314 Τ.
222 5262 256 5312 ti.
282 5262 371 5327 pilii
387 5276 429 5327 ιιι.

142 5345 187 5412 18)
206 5348 285 5414 virg.
306 5349 408 5413 Georg.
426 5350 450 5413 l,
466 5348 628 5403 wli—28&

117 5506 120 5511 Ι
141 5433 277 5568 lapigio.
294 5435 358 5487 Nat.
377 5435 449 5490 illst.
467 5435 542 5503 11,c.
561 5436 601 5491 ta
626 5437 677 5490 iti.
695 5435 801 5491 Fisus.
820 5434 858 5504 (e.
871 5436 916 5493 ί).
932 5437 1020 5490 tritt
1037 5446 1092 5489 su·

1145 1498 1313 1568 scribitur
1328 1512 1446 1568 autem
1464 1501 1602 1591 egregie
1619 1502 1775 1571 officium
1792 1503 1880 1572 boui
1899 1507 2072 1600 principis
2095 1521 2132 1578 et

1144 1601 1239 1670 ratio
1252 1602 1519 1692 puniendorum
1535 1604 1747 1674 delictorum
1770 1600 1840 1674 hoc
1863 1607 1962 1689 loco,
1994 1610 2057 1680 ubi
2073 1608 2132 1681 lu-

1144 1702 1238 1793 piter
1259 1704 1297 1771 in
1326 1718 1430 1774 coetu
1453 1703 1613 1775 Deorum
1644 1707 1694 1776 sic
1727 1707 1843 1800 inquit
1874 1707 1967 1799 (Vss.
1992 1713 2064 1783 188
2078 1748 2132 1768 -·

1146 1804 1266 1900 191.);

1196 1927 1408 1994 Perdendum
1421 1924 1526 2021 θείω)
1540 1929 1681 1996 mortale
1688 1952 1807 2017 genus,
1820 1954 1884 2017 per
1894 1932 2039 2018 fiumina
2054 1940 2133 2006 iure

1194 2024 1334 2114 Insere,
1358 2029 1546 2097 subterreis
1561 2032 1680 2116 Stygio
1694 2033 1844 2101 labentia
1859 2033 1948 2116 lesco,
2119 2038 2122 2043 ’

1197 2132 1325 2199 Grande
1363 2133 1462 2216 priua
1500 2135 1659 2201 tentando
1672 2130 1738 2223 ²¹)‚·
1790 2138 1848 2203 scd
1887 2136 2130 2205 immedicabile

1759 2258 1779 2301 v

1196 2336 1288 2400 Erice
1301 2335 1513 2401 recidendum
1528 2344 1578 2404 est
1584 2330 1645 2427 ²⁰),
1661 2358 1703 2403 ne
1714 2238 1947 2424 puellulam
1960 2340 2130 2409 iradetur.

1145 2445 1212 2513 llic
1230 2447 1325 2513 enim
1344 2448 1522 2538 principes
1535 2474 1577 2519 ac
1591 2452 1819 2541 magistratus
1837 2456 2030 2536 docentur,
2057 2478 2133 2522 non

1147 2546 1250 2615 aliter
1266 2548 1443 2636 agendum
1458 2572 1538 2618 cum
1555 2550 1710 2635 civibus,
1722 2618 1725 2623 .
1737 2556 1799 2648 qui
1819 2556 2054 2650 delinquunt,
2079 2567 2134 2623 at·

1146 2670 1215 2742 que
1237 2671 1317 2716 cum
1331 2650 1503 2720 membris
1516 2652 1785 2743 languentibus:
1823 2681 1965 2751 semper
1981 2656 2129 2751 quidem

1147 2750 1415 2821 anteferendam
1427 2752 1611 2824 lenitatem
1626 2758 1827 2840 severitati:
1856 2764 1919 2832 sed
1942 2773 1983 2831 ut
2004 2760 2044 2828 in
2065 2759 2133 2829 ‹iii-

1145 2852 1296 2923 ficilibus
1311 2854 1447 2926 morbis
1464 2857 1649 2941 curandis,
1683 2859 1789 2929 sicin
1808 2863 1977 2951 gravibus
1994 2861 2131 2931 delictis

1146 2956 1337 3047 puniendis
1353 2957 1535 3029 interdum
1549 2959 1747 3033 acrioribus
1763 2965 1936 3033 utendum
1952 2963 2132 3033 remediis.

1147 3057 1255 3151 Quod
1285 3071 1326 3129 ut
1355 3060 1637 3152 sapientissimus
1667 3076 1774 3155 poeta
1798 3065 1990 3156 significet,
2033 3063 2134 3155 fingit

1146 3161 1265 3253 ipsum
1290 3157 1412 3231 lovem
1441 3164 1620 3234 affirmare
1650 3166 1885 3238 iureiurando
1914 3192 1951 3239 se
1978 3165 2135 3237 invitum

1146 3264 1314 3360 persequi
1347 3289 1483 3358 poenas
1517 3268 1734 3353 atrociores,
1778 3272 2005 3364 eundemque
2037 3271 2134 3339 ferre

1146 3362 1240 3439 hanc
1263 3368 1476 3439 sententiam
1506 3368 1545 3438 in
1568 3365 1733 3443 homines
1755 3373 1936 3464 perditos,
1968 3370 2136 3442 videlicet

1147 3484 1287 3561 partem
1315 3472 1497 3564 corporis,
1532 3498 1624 3567 qnae
1646 3475 1844 3561 remedium
1867 3499 1944 3546 non
1966 3473 2137 3557 admittit,

1148 3596 1221 3642 esse
1237 3572 1477 3644 recidendam.
1528 3574 1605 3644 Hac
1627 3576 1741 3645 ctiam·
1760 3580 1806 3647 de
1828 3600 1934 3647 causa
1957 3577 2044 3645 olim
2061 3574 2137 3644 ito·

1147 3674 1265 3743 manis
1305 3675 1508 3742 consulibus
1548 3678 1843 3764 praeferebantur
1878 3680 2017 3759 fasces,
2065 3671 2135 3744 hoc

1149 3785 1221 3856 cst,
1269 3774 1390 3862 virgae
1423 3774 1605 3844 securibus
1640 3778 1822 3867 alligatae:
1877 3777 2007 3871 quibus
2039 3776 2136 3846 idem

1148 3873 1433 3965 significabatur,
1478 3897 1609 3968 nempe
1642 3878 1891 3969 corrigendam
1924 3903 1998 3949 esse
2033 3879 2136 3948 mali·

1150 3978 1257 4059 tiam,
1295 4001 1387 4071 quae
1408 3978 1529 4046 sanari
1551 3978 1683 4065 possit:
1725 4005 1818 4074 quae
1839 4004 1927 4051 vero
1950 3980 2135 4051 emendari

1149 4091 1323 4175 nequeat,
1350 4079 1627 4152 abscindendam
1652 4106 1738 4155 esse.
1789 4083 1922 4176 Virgae
1942 4083 2038 4153 enim
2056 4106 2137 4155 cor-

1147 4183 1286 4275 rigunt:
1312 4206 1451 4253 secures
1466 4195 1584 4255 autem
1602 4185 1826 4259 abscindunt.
1879 4185 2136 4257 Constantinus

1148 4283 1349 4379 lmperator
1380 4310 1461 4357 cum
1493 4285 1688 4381 aliquando
1713 4289 1933 4361 consultaret
1960 4290 2004 4359 d'e
2036 4312 2136 4359 cocr-

1149 4391 1261 4459 cenda
1284 4412 1428 4459 morum
1452 4388 1671 4482 petulantia,
1703 4392 1817 4464 fertur
1842 4415 2032 4485 usurpasse
2048 4390 2136 4462 Ovi-

1149 4492 1293 4562 dianam
1312 4486 1407 4562 banc
1428 4492 1664 4579 sententiam,
1695 4508 1804 4591 atque
1826 4495 1876 4565 ita
1902 4497 2135 4567 exclamasse:

1148 4592 1411 4664 lmmedicabile
1427 4596 1555 4665 vulnus
1571 4620 1654 4668 ense
1669 4598 1900 4668 recidendum
1924 4610 1993 4678 est:
2026 4594 2136 4687 sigui·

1147 4699 1257 4768 ficans
1272 4697 1631 4768 animadvertendum
1646 4724 1720 4770 csse
1736 4724 1876 4771 summa
1892 4698 2079 4770 severitate
2094 4695 2134 4765 in

1148 4796 1313 4870 homines
1328 4800 1531 4893 improbos,
1557 4801 1619 4894 qui
1633 4802 1816 4872 emendari
1833 4811 2028 4895 nequeunt,
2056 4822 2165 4868 eos-1

1148 4927 1217 4997 que
1234 4903 1335 4973 nullo
1360 4905 1468 4972 modo
1492 4902 1529 4969 iu
1550 4904 1730 4994 republica
1753 4906 1921 4974 serendos
1943 4924 2028 4969 esse.
2081 4898 2133 4971 M.

1148 5005 1273 5076 Cicero
1305 5008 1428 5074 eadem
1460 5005 1634 5074 sententia
1665 5007 1778 5076 utitur
1798 5005 1893 5074 libro
1918 5002 2133 5073 Officiorum

1178 5270 1228 5331 2⁰)
1245 5262 1303 5334 eet]
1321 5264 1572 5331 sternuisse,
1591 5266 1686 5331 tm:
1719 5266 1747 5316 ln
1766 5264 1845 5320 ovid.
1864 5266 1914 5316 liti.
1933 5263 2044 5315 siitscb.
2064 5262 2133 5313 fiseo

1212 5351 1267 5390 vor
1287 5338 1384 5387 neutro
1403 5338 1464 5386 loco
1481 5337 1592 5400 iegitur.

1177 5437 1225 5559 nl
1241 5435 1402 5558 galam]
1425 5434 1468 5487 sic
1491 5436 1576 5489 unet.
1597 5436 1692 5505 iffi,
1719 5437 1812 5504 im:
1848 5436 1928 5490 ovid.
1951 5428 2134 5487 11.me

1226 5520 1242 5561 s
1308 5519 1337 5557 a.
