4762 6008
233 290 308 366 ⁸43
815 282 939 358 Pnlu.
974 282 1087 357 MEL.
1119 280 1320 355 SCRIPTA
1351 280 1689 358 PHILOLOGICA.
2189 286 2270 361 844

237 462 410 533 civilibus.
469 458 609 529 Deinde
631 454 730 525 addit
752 458 950 548 querelam:
985 456 1022 524 si
1046 454 1146 523 miles
1172 453 1224 523 in·
1249 475 1253 523 t
1276 453 1396 539 tione,
1423 478 1514 549 quae
1531 458 1629 526 fitde
1646 455 1817 546 Virgilio,
1850 454 1989 551 aliquot
2005 453 2269 545 epigrammata

239 565 431 636 terfecisset
450 560 663 651 Virgilium,
695 556 885 649 periissent
907 558 1018 627 multa
1046 568 1225 650 poemata.
1249 540 1254 629 l
1276 569 1424 629 venusta
1442 559 1568 628 ordine
1582 558 1790 628 recitantur.
1842 555 1959 625 series·
1979 556 2156 630 orationis
2178 550 2269 632 baec

238 666 373 761 Estque
417 660 646 752 amplificatio
688 660 811 726 damni
852 683 871 727 a
916 659 1225 752 consequentibus.
1277 670 1340 729 est.
1396 659 1523 730 Primo
1552 662 1632 730 loco
1659 671 1741 752 post
1772 657 2093 748 interrogationem
2116 662 2270 754 ponitur

238 770 368 841 Postea
384 766 511 834 ludunt
529 774 564 831 et
582 773 782 854 provocant
797 784 833 831 se
853 763 900 830 ad
924 772 1089 832 mutuum
1113 772 1226 829 certa-
1277 761 1421 854 querela
1450 763 1494 832 de
1516 762 1695 853 praesenti
1719 782 1840 830 rerum
1865 771 1979 843 statu,
2020 764 2118 855 quod
2142 758 2266 856 puls'ns

239 894 335 940 men.
385 866 485 934 Alter
501 858 648 934 venusta
665 858 890 932 excusatione
907 856 1039 947 utitur,
1066 863 1227 933 alludens
1277 862 1323 933 sit
1337 864 1494 953 praediis
1509 865 1581 936 suis
1597 863 1777 953 Virgilius.
1829 859 2059 932 interseritur
2075 886 2269 957 argumen-

241 974 287 1042 ad
319 971 437 1039 locum
466 988 694 1035 communem
723 966 767 1033 dc
799 966 1066 1055 ingravescente
1093 976 1225 1035 aetate:
1276 977 1353 1034 turn
1373 990 1569 1048 arumore,
1584 965 1770 1036 continens
1785 962 2062 1056 descriptionem
2080 968 2269 1040 rurisvira

243 1070 320 1168 (Vs.
336 1068 415 1164 51.)
444 1072 566 1141 Omnia
577 1066 649 1157 fert
663 1077 775 1151 aeter,
809 1072 962 1138 animum
983 1092 1127 1164 quoque,
1157 1062 1227 1135 hoc
1251 1096 1254 1101 ·
1278 1066 1413 1157 giliani.
1465 1066 1634 1163 Sequitur
1657 1066 1886 1158 amplificatio
1908 1067 2062 1158 periculi
2083 1070 2131 1139 ab
2151 1084 2266 1163 augu2

244 1188 315 1258 est,
348 1185 508 1243 senectus
528 1169 742 1260 languefacit
767 1193 890 1239 omnes
913 1169 1016 1241 vires.
1077 1169 1141 1239 Est
1166 1191 1228 1237 au·
1251 1218 1254 1227 ·
1277 1168 1346 1240 rio.
1396 1170 1529 1240 Addita
1553 1182 1604 1240 est
1628 1182 1664 1239 et
1686 1169 1896 1239 exclamatio
1918 1192 1986 1261 per
2008 1168 2265 1265 apostrophen,

245 1292 316 1346 tem
333 1275 371 1343 in
392 1276 461 1343 line
477 1271 682 1362 gratulatio,
709 1294 779 1363 qua
796 1272 980 1362 significat,
1002 1272 1074 1340 iam
1092 1271 1228 1340 victore
1251 1232 1255 1321 i
1279 1294 1359 1340 cum
1383 1273 1653 1342 enumeratione
1677 1273 2010 1371 incommodorum,
2045 1296 2144 1366 quae
2168 1298 2266 1347 seru·

245 1378 406 1468 Augusto
428 1372 685 1467 rempublicam
709 1373 841 1442 iterum
866 1386 1030 1466 pacatam
1054 1375 1152 1456 fore,
1193 1382 1228 1441 et
1251 1330 1256 1491 Ι
1279 1383 1359 1442 tura
1376 1372 1628 1465 erantVirgilii
1643 1387 1809 1443 mortem.
1861 1372 2001 1444 Deinde
2015 1376 2165 1466 ponitur
2181 1398 2267 1449 cuu-

246 1492 329 1552 sunt
358 1489 526 1548 veneratae
556 1474 831 1564 descriptiones,
866 1476 1104 1566 significantes
1130 1473 1228 1566 pacis
1279 1474 1388 1544 ctatio
1421 1501 1502 1547 cum
1530 1477 1741 1546 recitatione
1769 1477 1997 1571 quorundam
2026 1478 2268 1570 epigramma·

246 1594 340 1652 artes
355 1580 598 1649 reflorescere:
630 1574 708 1669 (Vs.
727 1573 806 1673 60.)
828 1583 964 1662 Insere,
991 1580 1152 1667 Daphni,
1172 1580 1229 1665 pf·
1278 1589 1368 1648 tum.
1424 1578 1563 1648 Ultimo
1585 1577 1666 1648 loco
1696 1591 1748 1648 est
1780 1579 1960 1649 excusatio
1981 1602 2048 1672 per
2072 1576 2268 1672 praecisio·

245 1709 321 1768 ros,
363 1692 500 1771 carpeia
520 1690 581 1750 tem
599 1702 698 1768 poma
719 1690 859 1769 nepotes.
925 1679 1093 1771 Figurate
1118 1679 1228 1748 etiam
1279 1702 1383 1767 nem,
1422 1704 1533 1772 qnare
1556 1704 1631 1749 non
1657 1681 1769 1773 possit
1790 1681 1892 1770 plura
1916 1680 2069 1751 recitare
2087 1685 2267 1775 epigram·

246 1798 351 1878 poeta
379 1784 496 1853 studia
530 1782 729 1851 litterarum
766 1784 917 1850 antefert
950 1782 1086 1851 aulicae
1121 1781 1228 1861 vitae,
1280 1793 1397 1863 mata,
1440 1806 1531 1874 quae
1555 1785 1659 1852 ducta
1685 1794 1777 1853 esta
1802 1781 2039 1873 descriptione
2060 1787 2264 1869 senectutis,

247 1910 327 1956 eum
343 1887 409 1954 ait:
438 1883 516 1976 (Vs.
530 1881 609 1979 40.)
635 1887 704 1953 Hie
717 1907 776 1953 ver
788 1906 1006 1973 purpureum.
1058 1882 1135 1979 (Vs.
1149 1881 1228 1975 43.)
1281 1883 1338 1953 cui
1353 1884 1498 1954 additur
1513 1908 1606 1953 nova
1624 1883 1796 1979 'invitatio
1821 1886 1866 1954 ab
1886 1886 2152 1977 opportunitate
2173 1900 2263 1956 tem·

244 1992 321 2060 Huc
340 1993 438 2071 ades,
471 1989 590 2058 lusani
607 1984 739 2076 sertam
760 1991 835 2056 aiae
854 1988 970 2056 littam
987 1986 1127 2073 fluctus,
1160 1979 1230 2052 hoc

246 2103 317 2175 est,
342 2091 500 2184 quietam
523 2088 634 2156 vitam
658 2087 697 2155 in
719 2087 845 2157 studiis
869 2087 1078 2179 anteponito
1106 2086 1230 2156 turbu-

244 2192 351 2263 lentis
379 2189 532 2281 negotiis
563 2188 725 2279 publicis.
792 2187 868 2260 Hos
896 2189 996 2259 locos
1023 2212 1230 2259 communes

246 2294 436 2383 diligenter
470 2291 713 2373 considerent,
761 2303 796 2360 et
829 2291 1032 2361 meminisse
1065 2293 1231 2361 studeant

247 2397 506 2477 adolescentes,
532 2393 615 2486 quia
631 2417 697 2463 nos
711 2393 750 2459 in
764 2394 916 2462 dicendo
933 2394 1020 2462 etin
1041 2393 1229 2462 scribendo

246 2522 351 2590 saepe
367 2497 416 2568 eis
431 2520 512 2565 cum
536 2518 665 2586 magua
688 2496 792 2563 laude
811 2495 865 2564 uti
886 2518 1086 2586 possumus.
1136 2494 1229 2565 Nam

246 2601 331 2669 talia
347 2599 441 2669 dicta
456 2610 604 2667 venuste
629 2598 898 2666 accommodata
920 2598 1072 2667 multum
1092 2596 1229 2686 gratiae

247 2700 404 2772 orationi
420 2701 568 2770 addunt.

541 2868 680 2940 Aliud
706 2869 920 2940 eiusdem.

312 3038 315 3043 ·
347 3004 504 3075 Multum
518 3001 606 3073 haec
621 3003 753 3092 Ecloga
770 2999 879 3071 habet
892 3002 1086 3070 venustatis
1099 3014 1135 3069 et
1162 3001 1231 3070 ele-

246 3105 401 3199 gantiae,
421 3110 502 3175 cu'm
518 3118 668 3196 propter
684 3103 858 3196 querelas,
881 3103 978 3195 quod
994 3114 1156 3172 veterum
1173 3127 1231 3171 co·

244 3210 414 3278 lonorum
429 3207 543 3276 vicem
561 3206 726 3297 deplorat
739 3199 799 3272 hic
813 3204 968 3287 Moeris,
1005 3206 1066 3297 qui
1083 3205 1178 3295 agris
1196 3218 1231 3273 et

245 3307 528 3402 possessionibus
547 3307 620 3377 suis
642 3331 662 3375 a
688 3308 883 3388 veteranis,
920 3306 1049 3399 quibus
1071 3306 1122 3375 illi
1146 3306 1231 3378 assi-

245 3410 347 3502 gnati
363 3410 486 3493 erant,
517 3408 803 3499 expellebantur,
833 3420 908 3477 tum
931 3421 1080 3500 propter
1102 3409 1230 3477 carmi·

245 3536 334 3585 num
348 3512 516 3594 illorum,
543 3533 635 3604 quae
659 3509 762 3579 alteri
786 3510 922 3600 pastori
944 3510 1069 3579 recitat
1083 3511 1230 3595 Moeris,

245 3615 458 3687 suavitatem
476 3625 512 3683 et
527 3612 803 3704 simplicitatem.
855 3612 947 3683 Nam
965 3613 1002 3679 in
1017 3607 1085 3682 hac
1096 3612 1228 3705 Ecloga

245 3716 506 3788 accuratissime
528 3714 688 3785 Bucolici
720 3716 921 3805 argumenti
951 3717 1121 3787 decorum
1156 3741 1229 3786 ser-

245 3842 345 3890 vasse
372 3817 515 3887 videtur
543 3830 662 3909 poeta.
732 3815 899 3908 Pingitur
928 3830 1047 3887 autem
1082 3820 1228 3901 Moeris,

244 3918 352 3988 Arrio
377 3919 598 4003 centurioni,
629 3917 687 3990 cui
702 3918 846 4010 Virgilii
867 3920 943 4011 agri
964 3934 1176 4005 evenerant,
1209 3946 1228 3989 e

245 4044 329 4090 rure
346 4016 481 4092 hoedos
495 4024 669 4114 quosdam
694 4022 852 4090 muneris
875 4024 950 4090 vice
966 4022 1153 4093 Mantuam
1178 4024 1228 4091 af·

243 4123 351 4191 ferre.
402 4121 467 4192 Est
486 4146 571 4190 vero
585 4120 728 4211 Virgilii
752 4122 889 4190 villicus
910 4121 1066 4207 Moeris,
1101 4138 1136 4193 et
1151 4124 1228 4192 Me-

244 4222 365 4292 nalcas
382 4222 457 4313 ipse
474 4221 655 4313 Virgilius.
708 4220 898 4291 Caeterum
919 4225 1057 4311 generis
1079 4227 1228 4294 demon·

244 4323 384 4395 s'trativi
401 4337 453 4394 est
468 4324 598 4396 oratio.
648 4322 825 4415 Pleraque
842 4337 961 4395 autem
980 4322 1038 4397 hic
1052 4352 1093 4398 ex
1108 4323 1227 4397 Theo-

245 4424 325 4495 criti
345 4439 511 4516 poemate
532 4424 704 4498 transla'ta
720 4450 794 4498 esse
811 4441 971 4518 apparet.

541 4598 678 4669 Aliud
704 4592 920 4671 eiusdem.

344 4734 534 4827 inpriore
567 4747 668 4825 parte
697 4729 804 4804 huius
829 4731 983 4826 Eclogae
1014 4735 1225 4808 describitur

242 4838 367 4928 ingens
398 4837 596 4930 periculum
627 4836 766 4926 Virgilii
796 4837 840 4905 ab
869 4839 977 4908 Arrio
1005 4839 1224 4924 centurione,

244 4962 264 5007 a
295 4964 372 5031 ‚quo
405 4965 519 5033 paene
551 4939 674 5010 fuisset
708 4939 911 5009 interfectus
943 4954 1090 5032 propter
1122 4967 1224 5035 repe-

243 5038 406 5109 titionem
441 5066 636 5134 agrorum,
688 5065 778 5135 quos
810 5039 847 5109 in
881 5042 1023 5131 publico
1058 5056 1160 5115 motu
1175 5044 1222 5139 18)

1282 1984 1390 2076 poris.

1578 2155 1714 2225 Aliud
1740 2158 1954 2229 eiusdem.

1383 2288 1475 2357 Tota
1494 2286 1582 2359 baec
1595 2290 1726 2382 Ecloga
1745 2287 1852 2361 habet
1868 2293 2114 2384 gravissimam
2139 2302 2266 2389 quere·

1281 2391 1352 2459 lam
1370 2393 1599 2462 fortunarum
1615 2393 1767 2484 Virgilii.
1819 2394 1911 2481 Nam
1926 2408 2116 2490 postquam
2133 2392 2264 2469 iteruin

1281 2495 1503 2584 impetrasset
1517 2520 1599 2566 suos
1613 2520 1719 2587 agros
1735 2496 1780 2565 ab
1795 2495 1956 2587 Augusto
1968 2498 2155 2590 Virgilius,
2180 2524 2265 2590 pro·

1281 2596 1393 2666 fectus
1416 2597 1461 2664 ad
1482 2599 1715 2687 possidendos
1739 2622 1819 2683 eos,
1850 2602 1926 2669 fere
1945 2602 1992 2671 ab
2006 2600 2123 2671 Arrio
2143 2614 2265 2672 eentu-

1281 2697 1385 2766 rione
1400 2698 1605 2772 interfectus
1621 2713 1684 2772 est.
1736 2700 1828 2771 Eum
1845 2697 1904 2771 bic
1916 2694 2162 2774 studet'donis
2180 2704 2266 2795 pla-

1283 2821 1375 2869 care.
1426 2799 1485 2868 Fu
1500 2803 1593 2870 enim
1609 2827 1733 2896 saepe,
1766 2816 1807 2874 ut
1826 2804 1984 2874 dominis
1998 2810 2106 2898 atque
2128 2805 2267 2894 princi·

1281 2900 1387 2991 pibus
1408 2901 1608 2975 laventibus
1634 2906 1769 3000 aliquid
1791 2906 2039 2997 impetremus,
2076 2906 2175 2999 quod
2198 2907 2263 2975 vix

1282 3002 1386 3072 liceat
1408 3005 1513 3075 nobis
1535 3006 1611 3076 sine
1633 3009 1792 3099 periculo
1816 3020 1963 3100 propter
1984 3006 2261 3101 provincialium

1283 3104 1455 3174 malitiam
1472 3109 1623 3180 auferre.
1674 3110 1808 3180 Moeris
1822 3124 1874 3182 est
1888 3108 2030 3202 Virgilii
2045 3106 2169 3202 pater,
2184 3109 2266 3179 Me·

1281 3208 1402 3278 nalcas
1425 3209 1500 3300 ipse
1522 3211 1704 3302 Virgilius.
1768 3211 1924 3306 Lycidas
1944 3234 2098 3306 persona
2125 3213 2265 3282 adiecta

1283 3321 1353 3392 est,
1391 3323 1433 3379 ut
1460 3335 1517 3382 res
1547 3338 1667 3405 sparsa
1699 3315 1737 3383 in
1760 3339 1951 3406 personas,
1987 3314 2127 3384 facilius
2151 3314 2266 3407 possit

1282 3411 1503 3504 amplificari.
1555 3416 1647 3485 Nam
1665 3432 1810 3488 eventus
1826 3420 1918 3488 solet
1933 3418 2167 3510 suppeditare
2188 3437 2266 3486 ma-

1280 3506 1408 3613 teriam
1426 3516 1772 3608 amplificationibus.
1814 3520 1878 3591 Est
1893 3533 2011 3592 autem
2028 3517 2116 3591 haec
2130 3517 2264 3612 Ecloga

1281 3616 1440 3687 eiusdem
1458 3623 1660 3711 argumenti
1675 3648 1755 3692 cum
1772 3624 1890 3694 tertia.

1585 3807 1721 3878 Aliud
1746 3811 1957 3882 eiusdem.

1382 3937 1524 4010 Nomen
1542 3937 1651 4013 babet
1667 3940 1756 4015 haec
1770 3945 1901 4038 Ecloga
1919 3969 1937 4013 a
1961 3966 2136 4037 persona,
2171 3966 2264 4039 quae

1279 4034 1337 4109 hic
1353 4039 1601 4117 introducitur.
1635 4047 1805 4119 Continet
1819 4061 1937 4120 autem
1955 4048 2150 4142 querelam,
2167 4048 2265 4141 quod

1279 4164 1402 4216 rursus
1425 4146 1555 4217 eiectus
1575 4152 1620 4220 sit
1641 4150 1812 4241 Virgilius
1837 4177 1878 4222 ex
1901 4150 2012 4242 agris,
2045 4175 2135 4246 quos
2157 4150 2265 4239 bene

1279 4245 1359 4315 licio
1374 4246 1525 4339 Augusti
1541 4269 1824 4345 recuperaverat.
1886 4255 1976 4325 Cum
1995 4252 2090 4322 enim
2104 4250 2264 4343 recipere

1280 4348 1386 4418 vellet
1399 4362 1569 4441 paternos
1594 4377 1718 4445 agros,
1749 4357 1887 4426 invenit
1909 4354 2063 4449 Arrium·
2082 4355 2261 4449 quendem

1280 4451 1524 4520 centurionem
1542 4453 1621 4524 illos
1635 4450 1779 4529 habere.
1830 4458 1863 4530 Is
1878 4460 1999 4530 statim
2025 4470 2066 4528 ut
2089 4457 2189 4525 miles
2213 4455 2261 4521 ad

1279 4550 1435 4640 gladium
1453 4577 1600 4624 manum
1617 4559 1795 4644 admovit,
1823 4574 1857 4629 et
1872 4584 2000 4654 parum
2016 4558 2145 4641 abfuit,
2170 4555 2264 4650 quin

1278 4652 1509 4726 interfecisset
1537 4658 1749 4752 Virgilium,
1790 4663 1860 4733 nisi
1889 4688 1925 4735 se
1957 4660 2190 4757 proripuisset
2223 4656 2265 4727 in

1277 4755 1409 4846 fugam.

1544 4930 1683 5001 Aliud
1711 4932 1977 5028 eiusdem¹⁸).

1375 5059 1508 5155 Ecloga
1537 5091 1631 5135 nona
1666 5069 1753 5139 duas
1786 5065 1895 5138 habet
1926 5082 2064 5160 partes,
2109 5090 2263 5161 quarum

244 5142 437 5222 amiserat,
489 5145 557 5212 nisi
591 5145 695 5213 saluti
730 5144 762 5212 ei
796 5143 919 5213 fuisset
949 5143 1075 5211 Mincii
1108 5148 1223 5216 amnis
1275 5162 1377 5255 prior
1407 5167 1565 5237 continet
1597 5172 1779 5263 querelam
1804 5174 2047 5265 pervulgatam
2075 5172 2119 5241 de
2146 5168 2266 5250 malis,

243 5242 504 5334 propinquitas.
551 5244 689 5314 Deinde
706 5256 846 5337 sumpta
864 5245 1048 5319 occasione
1064 5269 1107 5318 ex
1124 5270 1224 5317 men-

243 5398 441 5417 Μ

277 5476 324 5542 1³)
342 5479 430 5540 motu]
448 5474 488 5526 sic
505 5474 700 5543 latitamus,
720 5476 795 5527 1693.
804 5493 814 5543 3
838 5479 892 5534 tta.
903 5480 978 5533 taso.
994 5482 1078 5531 metu

1311 5417 1358 5474 ιι)
1376 5414 1434 5466 mc
1456 5422 1647 5482 argumentum
1670 5422 1698 5473 m
1717 5422 1802 5474 rarat.
1816 5424 1909 5483 asos..
1935 5396 2010 5475 raes.
2034 5418 2192 5485 misatur,
2228 5422 2266 5472 aa

1342 5482 1392 5533 Et.
1409 5484 1482 5536 15⁶6.
1501 5489 1590 5537 abest.
1900 5484 1905 5492 '
